1677 2620
726 97 780 105 ...
809 76 859 116 76
886 97 939 105 -.

132 143 330 200 ferenda,
356 153 442 190 tam
465 146 625 190 acriter
655 147 942 192 vindicarent.
981 146 1032 192 Et
1060 149 1161 206 quia
1192 149 1426 194 obstabant
1453 151 1547 210 opiz-

97 214 283 262 'niones
317 224 359 262 et
397 218 537 263 cultus
570 218 862 274 ingeniorum,
900 219 1060 273 studia,
1083 232 1194 278 quae
1229 227 1353 264 erant
1383 221 1429 265 in
1459 221 1542 267 ho-

122 307 251 347 nore,
277 306 532 352 oppugnare
567 292 833 336 nitebantur.
872 290 1076 336 Florebat
1105 297 1209 336 tunc
1241 291 1381 337 Gallia
1410 306 1545 351 prae·

125 364 407 409 stantissimis
446 364 600 409 artium
634 363 837 417 inventis,
867 363 984 407 unde
1015 362 1285 408 commodior
1317 363 1546 424 laxiorque

125 435 215 480 vita
247 436 528 494 profluxerat.
564 434 680 479 Haec
703 434 782 488 illi,
808 447 917 492 quos
946 435 1148 478 movebat
1189 434 1425 479 ostentatio
1457 436 1540 491 sui,

124 507 317 552 adducto
341 506 574 565 supercilio
616 505 777 564 passim
813 505 1154 559 insectabantur,
1181 505 1308 550 simul
1344 506 1546 565 explosas

126 578 215 622 iam
237 578 460 622 doctrinas
484 578 745 631 excitabant,
772 578 928 636 quibus
952 584 1149 636 receptas
1171 583 1432 622 everterent.
1455 577 1546 625 Nec

122 648 168 694 id
193 650 350 703 solum,
377 651 452 694 sed
476 664 587 708 quae
611 649 802 707 gloriose
826 648 1123 707 quadrillustri
1145 648 1288 707 spatio
1319 663 1426 707 pace
1458 650 1548 696 hel-

130 719 263 779 loque
287 728 407 778 gesta
431 722 616 775 fuerant,
642 720 854 764 invidiose
878 721 1120 774 elevabant,
1146 727 1191 764 ut
1213 720 1545 777 adolescentuli,

131 791 207 848 qui
239 804 461 848 nunquam
493 791 662 835 hostem
693 796 1025 848 conspexerant,
1058 790 1110 834 de
1140 789 1406 848 Napoleonis
1436 792 1545 838 alio-

131 874 315 920 rumque
338 862 494 906 ducum
517 862 710 906 victoriis
733 861 984 907 contemtim
1007 862 1303 921 loquerentur.
1341 862 1411 907 Sic
1434 863 1552 909 inter

133 945 229 986 eos,
256 932 328 991 qui
363 940 509 978 velera
537 934 663 978 unice
688 933 939 986 laudabant,
976 940 1018 977 et
1045 946 1226 977 numero
1256 934 1453 992 potiores
1475 935 1549 994 qui

131 1002 258 1047 novis
299 1003 429 1047 rebus
470 1004 691 1048 mordicus
734 1003 1046 1058 adhaerebant,
1090 1003 1234 1048 nullus
1285 1005 1548 1050 concordiae

133 1070 258 1116 locus
279 1072 623 1131 relinquebatur.
650 1073 759 1118 Galli
783 1073 896 1118 enim
920 1074 998 1117 sub
1029 1074 1351 1119 conciliationis
1383 1076 1546 1133 specie,

132 1154 224 1187 non
249 1157 373 1188 secus
396 1159 444 1188 ac
468 1145 661 1199 flumina,
689 1159 798 1204 quae
822 1145 1064 1190 commixtis
1086 1146 1226 1204 aquis,
1251 1159 1374 1191 suum
1403 1151 1548 1191 tamen

135 1213 328 1258 retinent
370 1215 580 1270 colorem,
613 1216 807 1261 diversos
851 1223 891 1260 et
926 1215 1106 1261 hostiles
1143 1216 1256 1262 inter
1297 1230 1342 1262 se
1381 1216 1551 1263 animos

123 1285 354 1341 gerebant.

189 1777 310 1821 Fieri
333 1791 422 1821 non
456 1783 642 1836 poterat,
681 1778 785 1836 quin
818 1777 861 1821 in
899 1784 1017 1822 tanta
1047 1778 1231 1836 partium
1268 1777 1551 1824 contentione

137 1846 357 1892 Gallorum
382 1861 449 1892 res
471 1848 630 1892 misere
649 1849 1009 1893 distraherentur.
1036 1848 1131 1892 Non
1157 1847 1311 1892 castris
1334 1855 1380 1893 ut
1404 1854 1549 1906 antea,

136 1919 212 1964 sed
244 1919 464 1964 veteribus
506 1926 548 1963 et
586 1919 835 1964 recentibus
872 1919 983 1964 odiis
1021 1920 1132 1964 inter
1170 1933 1216 1963 se
1253 1919 1546 1975 dissidebant3

135 1991 338 2048 superior
381 1997 523 2034 autem
562 2004 661 2049 pars
701 2004 752 2034 eo
787 1990 985 2034 acerbius
1029 1989 1256 2033 victoriam
1301 1990 1548 2046 exercebat,

135 2074 222 2117 quo
247 2061 407 2104 diutius
447 2075 469 2104 a
510 2074 583 2119 spe
618 2060 818 2104 vincendi
859 2060 1066 2104 abfuerat.
1112 2060 1161 2103 Et
1198 2060 1336 2104 civilis
1375 2059 1549 2118 quidem

95 2156 99 2161 ·
134 2129 339 2175 Ludovici
385 2132 596 2188 sapientia
645 2132 698 2174 ab
744 2130 945 2174 omnibus
988 2132 1222 2185 serebatur,
1265 2131 1338 2189 qui
1376 2130 1549 2175 vixdum

132 2201 290 2257 pedem
336 2200 376 2243 in
425 2200 606 2244 Galliam
654 2201 871 2254 intulerat,
908 2207 951 2244 ut
998 2200 1265 2259 temporibus
1300 2200 1545 2256 inserviret,

133 2270 260 2315 simul
299 2284 351 2314 ne
389 2286 411 2314 a
447 2271 628 2315 subditis
666 2272 939 2316 conditiones
977 2271 1211 2329 acciperet,
1243 2270 1409 2327 regiam
1454 2270 1548 2330 ipse

133 2348 391 2398 potestatem
425 2341 569 2385 erliclo
602 2342 1018 2400 circumscripserat,
1056 2341 1304 2385 constitutis
1342 2354 1391 2384 ex
1430 2341 1549 2385 omni

131 2408 269 2455 Gallia
306 2413 553 2456 oratoribus
597 2427 620 2456 a
664 2414 826 2470 populo
861 2413 1058 2466 delectis,
1084 2413 1155 2471 qui
1195 2412 1248 2456 de
1283 2410 1437 2455 annuis
1472 2410 1548 2455 tri—
