1677 2620
731 80 944 118 ..46-

121 151 290 194 naciter
333 149 407 192 diu
451 147 768 208 oppugnatum,
800 149 922 193 brevi
956 149 1010 192 ab
1042 149 1243 193 hostibus
1277 148 1549 206 discerptum

122 218 267 263 videat
287 235 305 261 ›
322 253 331 262 .

185 903 234 947 In
267 911 430 948 tantam
467 904 674 948 invidiam
708 919 759 949 ex
791 919 949 962 magna
982 906 1123 961 gloria
1158 906 1371 950 inciderat
1402 905 1546 964 Napo-
1603 906 1605 909 ’

124 973 213 1026 leo,
250 989 381 1032 quum
413 975 565 1017 ultima
598 975 786 1033 experiri
826 990 905 1034 pro
939 976 1110 1033 imperii
1149 976 1400 1021 defensione
1442 990 1548 1021 con-

128 1043 280 1088 stituit.
318 1045 459 1088 Mense
494 1045 626 1100 igitur
662 1046 861 1089 ianuario
890 1053 1092 1100 exeunte,
1127 1060 1242 1090 anno
1281 1047 1415 1091 seculi
1452 1059 1561 1101 xlv„

129 1121 249 1164 urbis
292 1118 600 1178 procuratione
637 1121 834 1179 Aloysiae
872 1122 996 1165 uxori
1033 1122 1308 1176 demandata,
1349 1124 1394 1167 in
1425 1121 1549 1168 Cam·
1585 1155 1587 1157 -

129 1192 305 1249 paniam
329 1192 464 1234 venit.
500 1190 737 1235 Consilium
773 1191 827 1235 ab
867 1192 992 1236 initio
1030 1194 1169 1236 fuerat
1196 1193 1551 1238 Beauharnaeum

129 1275 227 1306 cum
261 1269 383 1319 parte
415 1262 640 1319 copiarum
664 1277 713 1306 ex
747 1262 1001 1306 Insubribus
1025 1263 1077 1306 ad
1100 1263 1368 1308 Lemannum
1390 1265 1548 1317 accire,

130 1332 203 1389 qui
237 1332 390 1375 subide
425 1331 790 1389 Hispaniensibus
820 1333 1074 1376 cohortibus
1098 1340 1264 1386 auctus,
1292 1348 1402 1392 quae
1436 1334 1548 1391 Lug-

129 1402 233 1444 duni
283 1401 590 1455 constiterant,
636 1403 844 1459 impetum
891 1404 934 1446 in
981 1403 1203 1448 Helvetios
1245 1405 1439 1457 faceret;
1488 1406 1556 1448 sicv

129 1471 244 1514 enim
279 1471 388 1524 sore,
425 1478 470 1514 ut
501 1472 816 1530 foederati,qui
846 1487 923 1529 per
957 1472 1154 1530 Vogesos
1193 1473 1238 1517 in
1268 1474 1475 1518 Alsatiam
1507 1480 1551 1519 et

128 1540 354 1598 Sequanos
396 1541 583 1585 fidenter
620 1543 884 1599 irruperant,
920 1544 1064 1597 veriti,
1101 1557 1155 1588 ne
1201 1559 1226 1588 a
1258 1551 1384 1602 tergo
1423 1545 1553 1588 inter-

130 1611 427 1664 cluderentur,
473 1612 572 1655 inde
617 1613 800 1667 gradum
844 1614 1073 1656 referrent.
1122 1612 1206 1656 Sed
1250 1627 1301 1657 ea
1342 1627 1413 1657 res
1449 1619 1553 1658 tunc

131 1682 288 1726 frustra
320 1682 483 1733 suerat;
519 1689 788 1739 quapropter
831 1697 928 1726 cum
959 1683 1237 1726 validissimis
1281 1683 1441 1740 ubique
1478 1684 1554 1728 ho-

131 1753 268 1796 stibus
293 1759 385 1795 erat
407 1752 675 1795 certandum.
717 1752 966 1809 Perpaucae
999 1758 1142 1796 autem
1172 1753 1301 1803 vires,
1333 1766 1475 1811 neque
1508 1753 1554 1797 in

133 1837 263 1866 unum
287 1824 523 1875 consertae,
549 1821 790 1879 Napoleoni
817 1830 1088 1880 supererant.
1125 1823 1186 1866 Ad
1221 1824 1554 1880 septemtriones

132 1893 444 1950 Magdonaldus
477 1894 690 1936 Namurco
723 1894 963 1951 profectus,
1001 1907 1098 1936 cum
1131 1907 1262 1950 parva
1298 1907 1427 1937 manu
1466 1893 1552 1937 Ma-

132 1965 260 2008 ceriis
282 1963 558 2007 consederat:
598 1965 712 2006 inter
734 1964 943 2007 Vitricum
980 1970 1022 2006 et
1054 1963 1352 2015 Catalaunum,
1388 1963 1442 2008 ad
1470 1962 1554 2007 Ma-

134 2038 304 2076 tronam
350 2034 526 2084 flumen,
566 2033 755 2076 medium
803 2033 1013 2077 tenebant
1049 2032 1206 2090 Neyus,
1247 2032 1463 2078 Victorius
1511 2039 1555 2076 et

133 2101 436 2146 Marmontius:
474 2105 626 2147 dextro
651 2102 774 2146 lateri
800 2103 844 2146 in
866 2103 1136 2146 Tricassibus
1171 2103 1414 2159 imperabat
1446 2101 1556 2146 Mor·

134 2171 307 2225 tierius;
346 2187 512 2215 summa
545 2186 646 2216 vero
681 2172 866 2216 militum
899 2173 963 2215 vix
1011 2172 1286 2229 septuaginta
1321 2172 1456 2216 millia
1479 2171 1554 2220 hn-

134 2241 299 2284 minum
322 2243 576 2286 excedebat.
611 2242 682 2286 Sic
715 2243 802 2296 itte,
832 2243 904 2299 qui
939 2242 1152 2287 vincendo
1175 2247 1482 2294 consenuerat,
1508 2239 1552 2285 id

136 2309 238 2354 belii
272 2327 405 2369 genus
439 2326 592 2366 gerere
616 2313 873 2368 cogebatur,
909 2326 995 2369 quo
1028 2326 1117 2356 non
1148 2312 1207 2355 ita
1236 2311 1404 2369 pridem
1425 2309 1556 2354 Kutu-

135 2383 272 2443 Sosus,
298 2389 396 2426 ante
420 2397 464 2425 se
489 2383 672 2439 fugiens,
708 2397 810 2426 usus
843 2383 997 2426 fuerat.
1034 2381 1118 2426 Sed
1141 2382 1263 2438 regio
1301 2379 1552 2424 fluminibus
