1677 2620
737 95 791 102 -
819 75 871 112 74
896 94 951 103 .-

115 144 275 202 ·regiae
297 143 523 201 dignitatis
545 143 675 188 fuisse
699 143 1058 188 studiosissimos.
1083 144 1186 190 Tres
1210 151 1355 191 autem
1391 145 1551 205 stirpes

125 215 364 268 numerari,
410 228 594 272 quarum
633 227 921 273 unaquaeque
964 213 1094 258 rebus
1136 216 1363 272 praeclare
1413 217 1550 273 gestis

125 298 262 343 seque
285 291 328 330 et
348 283 532 329 Galliam
556 286 880 329 honestaverat.
907 283 960 328 Et
990 285 1175 342 primam
1197 286 1374 344 quidem
1407 299 1433 330 a
1463 282 1551 332 Ro-‘

127 368 360 399 manorum
387 357 520 399 armis
546 356 774 413 regionem
809 355 1069 409 vindicasse,
1094 356 1331 400 secundam
1367 356 1546 402 alterius

127 424 272 470 Caroli
291 426 466 480 virtute,
486 427 664 470 alterius
687 426 871 470 consilio
909 433 952 469 et
988 426 1291 482 magnitudine
1328 426 1549 485 insignem

104 519 106 522 -
127 496 275 550 suisse3
295 497 469 542 tertiam
487 497 663 541 demum
682 511 777 541 eam
796 510 906 550 esse,
932 497 1010 540 sub
1033 510 1118 554 qua
1135 495 1291 551 Gallia,
1311 504 1552 556 expurgato

127 567 182 610 ab
206 567 404 612 hostibus
427 569 539 622 solO,
567 574 609 612 et
642 567 687 610 in
717 581 854 612 unum
879 581 1039 625 eorpus
1075 574 1245 622 coacta,
1281 568 1551 626 insperatum

129 642 257 681 antea
293 639 430 683 robur
471 653 569 682 cum
608 638 717 682 flore
756 638 1016 681 urbanitatis
1054 638 1275 694 attigerat.
1317 637 1365 681 In
1398 637 1553 696 primis

126 721 230 752 vero
254 709 433 754 Henriei
455 709 508 752 IV
529 710 868 768 popularitatem
902 709 1153 762 laudabant,
1179 709 1300 752 euius
1338 707 1552 754 memoria

128 779 174 822 in
191 780 394 824 medullis
416 781 677 838 populorum
701 781 842 824 adhue
878 780 1099 833 haereret,
1136 792 1308 823 necnon
1343 786 1386 823 et
1407 779 1551 824 Ludo-

127 849 212 893 vici
235 850 328 893 XIV
349 851 737 907 magnificentiam,
764 864 850 909 quo
886 857 1115 906 regnante,
1150 848 1361 893 Gallicum
1391 863 1552 894 nomen

127 927 285 978 potens
317 921 434 966 bello
464 929 506 965 et
533 922 733 966 inclitum
776 922 865 966 fetu
907 920 1206 978 ingeniorum,
1244 921 1297 965 ad
1335 934 1551 965 summum

130 992 297 1048 gloriae
322 1000 596 1050 pervenerat.
633 993 688 1036 Ut
711 1000 855 1037 autem
889 992 1091 1036 efferatos
1125 1005 1268 1036 mores
1307 999 1349 1036 et
1381 993 1550 1037 luctuo-

130 1061 324 1107 sissimas
367 1065 528 1122 prioris
571 1064 718 1122 stirpis
754 1063 1006 1120 tragoedias
1048 1063 1202 1107 callide
1234 1063 1547 1121 praeteribant,

128 1133 191 1177 sie
223 1134 355 1177 etiam
389 1135 655 1179 senescentis
687 1135 810 1192 regni
843 1133 1137 1187 incommoda,
1174 1147 1283 1191 quae
1308 1134 1362 1177 ab
1393 1132 1546 1178 aulicis

128 1203 305 1261 flagitiis
329 1206 540 1264 prosecta,
565 1205 747 1250 Galliam
779 1219 830 1250 eo
865 1205 1149 1259 adduxerant,
1175 1212 1222 1248 ut
1256 1217 1398 1263 neque
1436 1204 1549 1248 anti-

130 1289 215 1332 qua
252 1277 382 1332 serre,
419 1291 557 1335 neque
596 1277 789 1321 remedia
827 1276 919 1320 sine
956 1276 1144 1321 maximo
1179 1276 1371 1334 periculo
1395 1281 1544 1334 posset

127 1348 332 1404 experiri.

184 1700 304 1742 Tune
326 1698 529 1742 nimirum
552 1705 746 1742 exortum
785 1706 850 1743 est
886 1697 1109 1741 hominnm
1147 1711 1284 1754 genus
1317 1697 1548 1755 Pompeia-

128 1784 284 1814 norum
322 1770 554 1814 admodum
596 1770 752 1823 simile,
793 1784 902 1828 quos
936 1769 1094 1813 Caesar
1117 1776 1158 1814 et
1193 1769 1355 1812 Tullius
1392 1768 1548 1812 iisdem

131 1854 271 1898 paene
294 1841 437 1885 verbis
463 1840 732 1884 describunt.
770 1840 875 1884 Nam
914 1847 959 1884 ut
994 1841 1054 1883 illi
1095 1841 1137 1882 iu
1176 1838 1355 1898 privatis
1379 1838 1550 1883 iniuriis

128 1913 459 1970 persequendis,
487 1913 608 1970 quasi
646 1913 817 1970 publica
855 1926 984 1956 causa
1018 1911 1214 1965 adducti,
1252 1905 1451 1954 nihil'de
1487 1908 1553 1954 vi·

127 1982 265 2025 etoria
309 1982 616 2026 remittendum
660 1982 850 2036 aiebant,
896 1983 957 2026 sie
994 1981 1159 2025 exsules
1190 1995 1284 2025 cum
1323 1978 1542 2025 Ludovico

128 2050 172 2094 iu
224 2051 407 2096 Galliam
450 2053 656 2110 regressi,
702 2054 847 2097 omnia
890 2053 1065 2096 turbare
1109 2065 1236 2110 quam
1281 2065 1378 2095 cum
1422 2050 1548 2095 victis

128 2122 288 2178 pacisci
316 2123 582 2167 maluissent.
612 2124 851 2167 Dolendum
876 2137 978 2167 sane
1003 2122 1191 2166 civilium
1223 2121 1546 2165 dissensionum

129 2192 243 2236 hune
266 2194 425 2237 exitum
451 2208 560 2247 esse,
600 2202 644 2237 ut
668 2195 740 2252 qui
784 2194 982 2246 vicerint,
1022 2193 1135 2237 ultra
1178 2199 1225 2236 et·
1270 2198 1443 2250 praeter
1481 2192 1544 2235 sas

126 2262 299 2307 vincere
323 2265 601 2308 contendant.
636 2265 759 2316 Quod
804 2272 903 2308 tune
944 2265 1083 2307 visum
1113 2270 1194 2315 est,
1220 2275 1350 2321 quum
1391 2261 1436 2316 ii,
1472 2260 1546 2320 qui

127 2347 214 2376 non
238 2348 333 2387 sua,
359 2335 430 2378 sed
473 2336 615 2379 aliena
650 2336 805 2379 virtute
843 2334 1006 2393 patriae
1047 2333 1358 2387 reddebantur,
1397 2331 1546 2376 nescio

126 2416 236 2460 quae
260 2406 352 2449 iura
383 2413 594 2450 vetustate
632 2407 917 2451 intermortua
940 2413 982 2449 et
1025 2404 1088 2448 vix
1134 2403 1364 2448 barbarica
1401 2408 1545 2448 aetate
