1677 2620
749 38 965 77 -52-

137 114 181 152 et
201 107 412 152 nonnulla
445 108 498 152 de
531 122 639 167 pace
669 108 889 153 interdum
922 109 1081 163 iacere,
1118 124 1230 168 quae
1259 111 1486 156 laboribus
1514 113 1562 157 fi-

137 192 238 223 nem
261 179 525 236 impoueret:
553 179 670 233 dein,
697 178 915 223 inclinatis
940 180 1026 223 iam
1049 181 1195 235 rebus,
1217 194 1361 235 orare,
1378 181 1562 228 liberius

138 249 269 293 etiarn
291 263 487 303 monere,
507 263 562 293 ne
585 251 744 294 frustra
765 249 1020 307 pugnando,
1046 256 1113 295 tot
1149 250 1310 296 decora
1329 265 1409 310 per
1443 266 1562 298 sum-

135 333 253 363 mam
289 321 490 364 virtutem
523 327 664 378 parta,
703 334 836 378 seque
869 327 912 364 et
946 333 1047 365 suos
1084 320 1129 364 in
1161 321 1394 366 discrimen
1432 323 1565 368 addu-

138 396 273 434 ceret.
309 390 399 433 Hos
424 390 495 433 ille
510 390 662 434 mutilo
687 397 730 435 et
751 390 890 435 hianti
912 403 1115 434 sermone
1147 391 1346 449 excipere
1371 392 1564 448 solebat,

138 461 435 518 postmodum,
458 461 493 504 si
525 461 688 505 diutius
718 461 948 516 instarent,
973 461 1167 505 breviter
1196 461 1418 520 imperatis
1450 477 1565 521 quae

139 531 185 575 in
209 533 458 589 praesentia
491 531 586 575 fieri
609 532 754 585 vellet,
788 533 909 576 nullo
942 532 1090 576 addito
1122 533 1279 586 verbo,
1299 546 1324 576 a
1346 547 1391 577 se
1415 533 1564 578 dimit·

139 607 249 646 tere.
276 601 310 645 li
334 616 454 655 vero,
482 603 561 646 etsi
593 603 861 648 reluctantes
891 602 1159 660 Napoleonis
1191 603 1369 661 spiritus
1398 603 1565 662 pluries

139 672 313 716 fuerant
352 673 532 731 experti,
581 674 794 717 flexurum
841 679 986 716 tamen
1033 673 1223 717 animum
1255 687 1380 718 suum
1421 687 1567 732 spera-

138 742 262 797 bant,
298 757 353 787 ne
386 750 507 787 tanta
538 743 642 788 belli
689 744 803 787 mole
844 744 1122 788 obrueretur.
1159 743 1270 795 Quid
1317 743 1449 798 enim,
1483 751 1571 788 tor-

139 821 268 872 pente
301 815 356 858 ad
390 822 557 858 tantum
599 815 843 873 periculum
875 813 1029 867 Gallia,
1069 815 1163 872 ipse
1193 828 1291 858 cum
1325 814 1565 859 dimidiatis

140 886 405 929 exercitibus
439 886 614 943 posset‘?
647 885 735 930 Nec
769 885 883 929 enim
915 898 1027 929 unus
1045 892 1119 929 aut
1141 886 1251 929 alter
1282 885 1567 944 populusim·

139 957 350 1009 minebat,
387 957 463 999 sed
504 962 721 1014 quotquot
759 955 976 1012 Europaei
1008 955 1198 999 nominis
1231 962 1346 1010 sunt,
1383 955 1480 999 aliis
1519 955 1566 999 in

141 1027 328 1071 aliorum
371 1027 605 1070 stationem
645 1025 997 1070 succedentibus.
1050 1025 1208 1069 Omnes
1256 1032 1401 1070 autem
1448 1032 1566 1070 terra

140 1098 340 1155 marique
373 1099 561 1141 navitate
602 1099 870 1155 superabant
914 1097 1056 1153 Angli,
1093 1098 1225 1141 totius
1270 1096 1563 1155 expeditionis

141 1175 345 1212 auctores
362 1176 403 1211 et
421 1168 666 1222 architecti,
686 1182 873 1226 quorum
892 1181 1027 1226 opera
1045 1167 1301 1226 praesertim
1326 1174 1390 1211 tot
1411 1167 1564 1225 copias

142 1253 192 1282 ex
227 1239 508 1283 interioribus
534 1240 661 1282 terris
684 1239 922 1283 emiserant
947 1238 1093 1291 Russi,
1130 1245 1173 1282 et
1206 1252 1304 1282 cum
1337 1238 1390 1282 iis
1422 1236 1565 1292 Sveci,

143 1323 254 1367 qnos
288 1310 618 1353 Bernardottius
652 1310 695 1352 in
729 1310 1024 1353 continentem
1057 1308 1331 1354 Germaniam
1365 1307 1564 1352 transmi-

142 1388 274 1425 serat.
312 1380 515 1437 Magnum
549 1394 651 1425 sane
686 1381 883 1424 fortunae
917 1380 1242 1433 documentum,
1279 1393 1377 1423 eum
1424 1378 1457 1422 is
1491 1377 1566 1436 qui

142 1465 223 1509 pro
258 1452 459 1495 libertate
493 1452 615 1494 miles
658 1453 813 1502 suerat,
851 1458 952 1494 tunc
998 1450 1215 1494 retinendi
1260 1449 1383 1506 regni
1416 1462 1566 1502 causa,

144 1536 221 1566 eos
254 1523 371 1580 ipsos
405 1523 529 1574 fines,
574 1537 684 1579 quos
725 1522 920 1565 victoriis
959 1522 1230 1575 defenderat,
1267 1527 1567 1580 oppugnatum

146 1593 340 1636 veniret!

209 2083 291 2128 Sed
329 2085 369 2127 in
403 2090 523 2127 tanto
548 2097 765 2127 armorum
791 2083 971 2140 strepitu
995 2081 1272 2125 conditiones
1294 2079 1413 2139 pacis
1437 2079 1576 2124 utrin-

151 2167 234 2211 que
269 2153 418 2197 iactari
453 2167 538 2197 non
573 2154 807 2197 desierant.
847 2152 930 2195 Nec
964 2151 1077 2195 enim
1102 2151 1220 2209 parvi
1244 2151 1454 2194 intererat
1477 2150 1570 2194 soe-

149 2223 326 2267 deratos
360 2225 471 2267 hanc
505 2239 624 2281 spem
660 2223 831 2282 populis
853 2222 1066 2274 obiicere,
1092 2229 1138 2264 ut
1164 2222 1324 2265 bellum
1348 2219 1572 2278 pacandae

153 2293 351 2352 Europae
385 2308 513 2338 causa
547 2301 812 2351 susceptum,
850 2294 942 2350 ipsa
974 2291 1230 2335 necessitate
1255 2291 1388 2348 pium,
1414 2289 1572 2335 nedum

153 2364 328 2417 iustum,
350 2366 582 2409 videretur.
619 2364 757 2416 Quare
793 2371 834 2407 et
867 2370 966 2406 ante
989 2362 1257 2420 Lipsiensem
1279 2360 1570 2405 calamitatem
