1677 2620
774 109 828 118 ..
856 89 908 126 54
935 109 989 118 .-

169 159 447 204 caedentium
470 165 511 202 et
535 172 763 203 caesorum
787 159 1040 219 clamorem,
1065 171 1161 202 cum
1186 159 1292 203 socii
1317 162 1371 206 ab
1396 162 1600 210 hostibus
1629 186 1636 217 t

169 243 260 275 non
283 230 468 287 amplius
491 229 912 283 internoscerentur,
938 230 1084 273 nullus
1104 230 1288 274 consilio
1307 237 1382 275 aut
1400 232 1598 292 imperiis

170 299 293 346 locus
327 301 526 345 dabatur.
563 300 682 344 Tunc
730 301 863 357 igitur
907 299 1111 344 Germani
1152 300 1451 359 Napoleonem
1481 304 1596 349 vinci

170 383 300 429 posse
332 370 518 428 primum
553 370 829 424 didicerunt;
864 384 965 415 nam
1004 362 1133 434 antea
1164 371 1210 414 in
1241 371 1435 416 Moskica
1466 386 1596 433 expe·

171 444 355 498 ditione,
381 451 524 488 utrum
560 444 709 498 armis,
736 458 792 489 an
827 445 1006 501 frigoris
1037 445 1336 502 magnitudine
1369 453 1599 505 superatus

169 516 323 561 fuisset
345 515 507 571 ambigi
528 521 724 572 poterat;
753 521 856 559 tunc
877 515 1047 573 proelio
1069 516 1208 560 victus
1225 522 1486 561 excesserat.
1511 516 1598 562 Sed

171 599 298 630 casus
330 586 510 629 omnino
541 586 806 629 miserabilis
829 600 1022 643 pugnam
1055 587 1243 631 diremit.
1281 587 1384 631 Erat
1408 598 1521 645 pons
1553 587 1598 632 in

170 656 291 700 urbis
325 656 460 710 aditu,
485 656 653 699 flumini
688 656 932 714 impositus,
960 656 1033 715 qui
1065 657 1277 701 maturius
1312 671 1442 715 quam
1474 670 1601 715 opor—

170 724 254 768 tuit
285 737 309 766 a
340 723 718 768 machinatoribus
741 724 990 777 intercisus,
1015 738 1218 781 magnam
1241 724 1385 768 labem
1418 725 1598 769 fecerat.

173 793 236 838 Eo
272 794 521 851 promiscua
560 794 818 850 fugientium
856 795 984 838 turba
1022 793 1185 846 delata,
1231 794 1345 846 aliis,
1384 800 1432 837 ut
1473 793 1522 837 fit
1554 794 1600 838 in

172 878 332 920 magna
364 864 674 921 trepidatione,
712 864 823 908 alios
845 864 1187 922 impellentibus,
1212 863 1445 922 praecipiti
1476 864 1602 923 lapsu

172 934 219 979 in
241 935 418 979 flumine
441 934 625 978 interiit.
651 933 787 979 Nemo
810 948 903 978 rem
928 934 1057 978 siccis
1081 935 1219 978 oculis
1241 935 1435 979 vidisset.
1461 933 1601 978 Exau-

174 1004 408 1050 diedantur
440 1006 648 1049 confusae
670 1005 952 1049 morientium
973 1019 1120 1059 voces,
1145 1007 1260 1049 inter
1283 1005 1430 1062 galeas
1451 1010 1494 1049 et
1516 1005 1604 1049 tela

174 1075 316 1120 omnis
362 1075 553 1131 generis,
599 1076 809 1131 naufraga
850 1089 1061 1133 equorum
1099 1082 1140 1120 et
1181 1075 1374 1120 virorum
1414 1088 1604 1133 corpora

174 1145 586 1204 conspiciebantur3
631 1145 794 1201 ignavi,
841 1146 1033 1197 strenui‚'
1060 1153 1108 1188 ut
1141 1146 1324 1204 quisque
1363 1145 1599 1199 ceciderat,

174 1216 292 1260 iuxta
329 1216 532 1260 iacebant
545 1230 555 1268 ;
591 1216 691 1260 illos
726 1229 885 1272 gurges
907 1216 1154 1269 hauriebat,
1189 1215 1234 1259 hi
1268 1216 1429 1259 frustra
1449 1228 1605 1260 manus

173 1287 229 1331 ad
261 1287 403 1344 ripam
435 1287 691 1331 tendebant.
717 1286 778 1330 Ex
810 1287 1060 1330 fortissimis
1092 1285 1484 1339 Poniatowschius,
1511 1299 1602 1329 sar·

172 1363 306 1409 mata,
331 1363 396 1401 tot
427 1356 698 1414 proeliorum
731 1363 966 1414 superstes,
992 1357 1268 1401 desideratus
1302 1361 1387 1409 est3
1423 1355 1604 1412 Magdo-

175 1428 348 1481 naldus,
383 1427 560 1472 inventa
583 1427 734 1471 salutis
755 1429 841 1480 via,
870 1429 922 1471 ad
959 1442 1060 1472 suos
1096 1441 1141 1472 se
1162 1426 1354 1485 recepit;
1379 1425 1516 1470 ceteri
1537 1425 1605 1469 vel

179 1499 234 1543 ab
269 1499 394 1556 aquis
428 1501 620 1557 correpti
655 1507 770 1552 sunt,
797 1501 864 1544 vel
888 1500 932 1543 in
965 1500 1157 1544 hostium
1191 1512 1344 1543 manus
1374 1502 1602 1543 venerunt.

180 1567 438 1613 Huiusmodi
482 1569 703 1613 Gallorum
751 1570 1037 1613 infortunium
1080 1570 1369 1626 insigniorem
1415 1567 1607 1612 reddidit

115 1648 117 1650 ’
179 1638 500 1683 foederatorum
533 1639 776 1693 victoriam,
813 1653 922 1697 quos
961 1639 1293 1682 innumerabilis
1315 1638 1477 1696 praeda
1508 1650 1606 1682 cum

181 1709 361 1767 captivis
394 1715 438 1752 et
470 1709 811 1766 impedimentis,
847 1716 1022 1767 praeter
1055 1722 1175 1766 spem
1207 1707 1503 1766 locupletavit.

243 2192 415 2238 Interea
439 2194 632 2252 Napoleo
666 2209 761 2238 cum
795 2196 1018 2246 subsidiis,
1044 2209 1155 2253 quae
1188 2202 1460 2253 supererant,
1485 2209 1606 2242 rece-

185 2270 306 2321 ptum
345 2265 605 2307 maturabat.
642 2265 812 2319 Bavari,
839 2266 911 2323 qui
945 2279 969 2309 a
1003 2265 1087 2309 fide
1121 2265 1285 2323 pariter
1317 2264 1606 2320 desciverant,

187 2333 403 2378 Hannovii
443 2335 496 2379 ad
529 2334 726 2378 Maenum
762 2336 857 2379 freti
897 2336 1092 2380 locorum
1131 2336 1473 2395 opportunitate,
1508 2348 1607 2380 cum
