1677 2620
753 90 806 97 -
833 69 886 108 60
913 90 967 98 -.

150 137 320 182 ditione
343 151 395 181 111
419 138 506 181 kal.
527 152 620 196 apr.
639 144 809 195 pactum
825 139 941 183 inter
958 139 1206 185 foederatos
1224 147 1267 185 et
1288 142 1404 186 cives
1419 140 1570 202 fuisse.

156 207 386 252 Addebant
427 209 505 252 sub
547 209 738 253 hostium
771 210 1001 254 adventum
1045 211 1264 269 Aloysiam
1303 224 1484 256 uxorem
1526 217 1574 256 et

150 277 391 337 Josephum
408 279 680 337 Napoleonis
700 281 892 334 fratrem,
913 281 1086 325 Blaesas
1103 282 1391 334 concessisse,
1413 281 1576 340 quihus

152 348 432 404 abeuntibus,
458 351 601 394 nullus
623 351 708 394 iam
730 352 883 396 modus
915 359 1109 396 servatus
1149 367 1173 396 a
1203 352 1424 397 Borbonia
1446 359 1575 411 parte

155 419 327 473 fuisset,
354 435 450 464 cum
474 422 671 480 plerique
701 422 820 478 regia
859 422 1048 479 insignia
1082 437 1159 481 per
1191 423 1346 467 urbem
1375 428 1574 467 ostenta·

150 497 266 536 rent.
293 491 353 534 De
377 492 445 535 his
465 493 594 536 rebus
619 507 697 550 per
721 494 867 536 literas
897 493 1195 552 Napoleonem
1226 494 1312 538 iam
1343 501 1573 539 monuerat

154 563 491 617 Colaincurtius,
537 564 610 623 qui
654 565 930 621 postmodum
973 579 1070 608 cum
1123 565 1312 622 publicis
1357 565 1575 612 mandatis

156 637 425 693 supervenit.
464 635 639 678 Summa
673 635 781 679 haec
820 642 932 679 erat:
977 652 993 676 ι
1023 636 1271 679 foederatos
1310 650 1408 680 cum
1442 635 1580 683 Gallis

156 707 483 764 pacificaturos,
511 706 544 750 si
574 706 770 764 Napoleo
803 720 846 749 se
880 707 994 749 ultro
1034 706 1205 750 abdicet
1242 707 1455 765 imperi03
1491 709 1576 753 nisi

155 777 198 821 id
232 778 323 831 flat,
349 778 512 821 nullam
547 792 666 835 spem
699 778 820 835 pacis
857 791 1084 835 superesse
1107 792 1150 819 i).
1176 777 1326 821 Telum
1362 791 1451 822 non
1488 785 1579 823 tam

165 847 358 893 hostium
396 863 524 908 quam
556 848 830 891 inimicorum
865 848 935 891 ille
960 848 1154 904 agnovit,
1180 848 1254 892 sed
1287 848 1332 892 in
1354 862 1402 893 re
1430 850 1579 907 magni

158 920 331 964 consilii
366 921 560 963 incertus
595 918 743 972 animi,
785 932 1044 976 responsum
1078 919 1120 962 in
1154 919 1270 962 aliud
1302 925 1474 983 tempus
1509 933 1580 964 re-

157 993 292 1036 misit.
319 991 583 1048 Insequente
620 990 689 1034 die
727 989 913 1032 militum
952 989 1144 1043 ordines,
1170 989 1243 1047 qui
1274 989 1468 1048 undique
1489 1003 1582 1034 ma·

158 1062 389 1121 nipulatim
414 1061 464 1105 ad
489 1074 534 1106 se
548 1066 772 1114 venerant,
799 1060 1092 1117 adequitabat,
1113 1059 1194 1102 iter
1216 1059 1409 1103 Parisios
1430 1073 1582 1105 versus

161 1133 208 1177 in
241 1133 478 1177 crastinum
513 1132 769 1189 imperabat.
804 1131 935 1175 Facta
968 1129 1182 1174 exercitus
1214 1129 1488 1184 lustratione,
1513 1131 1580 1175 in·

161 1204 265 1248 sciis
300 1203 517 1256 omnibus,
559 1202 788 1261 imperium
822 1215 900 1259 per
933 1201 1223 1259 syngrapham
1257 1200 1477 1257 deposuit,
1502 1201 1583 1246 sub

164 1290 217 1322 ea
253 1282 397 1319 tamen
436 1274 703 1326 conditione,
739 1279 785 1317 ut
816 1272 869 1316 ad
906 1272 1040 1315 filium
1074 1272 1253 1315 rediret.
1287 1271 1391 1315 Tres
1429 1278 1583 1329 postea

164 1347 333 1402 legatos
374 1345 668 1389 Colaincurtio
707 1343 920 1399 adiungit,
958 1343 1030 1402 qui
1068 1343 1147 1386 filii
1195 1356 1370 1386 causam
1411 1348 1583 1387 oratum

166 1417 358 1461 Parisios
383 1417 557 1468 adeant,
585 1416 626 1458 in
651 1415 807 1473 quibus
838 1413 1157 1458 Marmontium.
1196 1412 1278 1457 Sed
1302 1413 1585 1457 renunciatur

163 1488 281 1532 hunc
315 1502 400 1531 una
449 1501 543 1530 cum
584 1486 856 1539 cohortibus,
895 1485 1051 1543 quibus
1080 1484 1340 1541 imperabat,
1379 1483 1490 1526 clam
1529 1483 1583 1528 ad

162 1572 291 1615 reges
315 1558 554 1600 transiisse.
581 1556 674 1607 Quo
694 1555 859 1608 audito,
879 1555 1140 1611 ingemuisse
1156 1553 1315 1614 dicitur
1333 1553 1439 1597 sorti
1463 1566 1583 1608 suae,

164 1643 263 1672 cum
287 1628 340 1671 ab
366 1642 418 1671 eo
454 1628 744 1679 desereretur,
772 1639 898 1683 quem
930 1624 1122 1667 omnium
1158 1622 1504 1666 commilitonum
1535 1621 1585 1666 fi-

169 1699 440 1743 delissimum
464 1697 658 1756 putabat.
695 1713 710 1737 «
733 1695 920 1747 Adeon',
947 1695 1107 1746 aiebat,
1134 1693 1288 1737 fluxam
1312 1706 1407 1759 esse
1444 1692 1586 1737 homi-

171 1780 274 1811 num
300 1766 446 1819 fidem,
480 1772 524 1809 ut
560 1778 699 1823 neque
737 1764 892 1822 pudor,
933 1776 1074 1819 neque
1105 1760 1367 1819 verecundia
1401 1759 1588 1817 posteri·

171 1839 272 1882 tatis
310 1837 557 1894 quempiam
598 1836 640 1878 in
673 1833 815 1878 officio
843 1833 1056 1876 retineat‘?
1090 1831 1217 1889 Atqui
1253 1829 1468 1874 infelicior
1509 1829 1588 1874 ali-

171 1908 346 1966 quando
372 1921 437 1950 me
464 1907 544 1950 erit
562 1922 602 1949 t.
652 1905 806 1948 Postea
828 1902 1022 1947 conclavi
1049 1903 1254 1953 inclusus,
1289 1913 1440 1944 omnes
1468 1899 1588 1944 aditu

170 1979 413 2037 probibuit.
440 1978 526 2029 Sic,
548 1975 773 2020 ruentibus
793 1974 982 2031 undique
1000 1974 1147 2026 rebus,
1165 1972 1350 2016 violatae
1370 1969 1588 2014 amicitiae

170 2050 298 2093 dolor
322 2049 481 2106 primas
502 2049 554 2090 al)
579 2062 629 2090 eo
653 2045 949 2103 qum-imonias
973 2043 1135 2086 elicuit.
1173 2043 1247 2085 vix
1273 2054 1381 2085 unus
1413 2045 1456 2083 et
1478 2040 1589 2084 alter

173 2119 269 2163 dies
313 2118 595 2177 praeterierat
629 2132 652 2160 a
687 2118 927 2171 legatorum
962 2114 1248 2172 profectione,
1283 2124 1414 2169 quum
1455 2109 1588 2154 iidem

173 2188 452 2247 Bellaqueam
477 2189 713 2231 redis-runt.
750 2187 841 2229 Duo
877 2192 1017 2229 autem
1057 2183 1257 2239 graviora
1300 2195 1429 2239 quam
1459 2186 1589 2224 antea

174 2259 388 2314 serebant,
415 2265 456 2302 et
480 2257 929 2307 senatusconsultum,
956 2268 1040 2311 quo
1065 2253 1257 2310 Napoleo
1292 2249 1475 2308 imperio
1497 2247 1587 2306 pri-

170 2336 295 2372 vatus
334 2332 555 2379 l'ut·1·at,ct
602 2328 921 2370 foederatorum
959 2324 1105 2373 verba,
1136 2323 1207 2380 qui
1243 2321 1376 2378 ipsius
1412 2318 1589 2376 stirpem

176 2413 264 2443 non
290 2400 473 2457 amplius
512 2412 695 2454 regnare
735 2402 1002 2454 paterentur,
1030 2393 1104 2437 scd
1144 2399 1187 2434 ut
1213 2392 1399 2434 victores
1430 2402 1453 2432 a
1477 2388 1591 2432 victo
