1677 2620
745 62 800 70 -..
828 42 881 80 56
906 62 960 70 .-
1602 75 1604 79 .

147 109 332 155 consilia
352 110 493 167 magis
514 115 731 167 paterent,
753 124 846 154 rem
869 110 1048 155 Parisiis
1076 112 1128 155 ad
1159 112 1365 156 Senatum
1388 113 1562 159 detulit.

142 179 240 231 Quo
274 180 430 223 nuntio
462 188 660 239 accepto,
696 171 840 225 cuncti
864 180 1099 226 Senatores
1133 189 1307 240 praeter
1327 197 1458 227 unum
1479 169 1563 229 La.-

140 264 316 303 cueum,
352 257 439 293 tam
474 251 651 308 ancipiti
676 251 872 308 periculo
895 251 1110 305 deterriti,
1136 253 1384 296 necessitati
1408 253 1568 310 quovis
1598 302 1601 304 ,

140 321 270 364 modo
314 320 554 379 parendum
601 327 878 365 censuerunt.
926 323 979 364 At
1022 322 1094 366 ille
1137 329 1299 366 tantam
1345 322 1565 377 ignaviam

138 389 401 443 detestatus,
439 391 570 434 allato
603 390 878 448 Carthaginis
901 393 1116 450 exemplo,
1142 406 1254 451 quae
1278 392 1493 450 obsequio
1522 393 1570 436 in

140 460 328 504 victores
363 461 473 504 nihil
514 462 789 519 profecisset,
835 462 1092 520 imperatam
1136 463 1218 507 sibi
1265 464 1571 545 conditionem

143 531 427 588 indignanter
459 532 689 575 iecusavit.

214 1246 299 1291 Sed
325 1247 440 1291 enim
466 1248 576 1291 duae
599 1248 784 1291 maxime
802 1260 957 1290 causae
973 1246 1185 1289 ineundae
1206 1245 1299 1303 paci
1319 1245 1574 1291 obstabant.

151 1318 367 1378 Sperabat
401 1319 560 1378 quippe
595 1319 789 1376 Napoleo
812 1317 974 1370 Gallos,
1000 1317 1146 1360 hostili
1171 1317 1366 1360 discursu
1391 1330 1572 1373 exaspe-

150 1398 287 1444 ratos,
325 1391 367 1433 in
402 1391 649 1434 incendium
676 1396 923 1447 ei‘upturOS‚
951 1403 1000 1432 ex
1024 1402 1110 1446 quo
1135 1387 1340 1431 foederati
1366 1394 1573 1445 tanquam

149 1475 201 1505 ex
236 1462 456 1517 ignivoma
490 1468 603 1505 terra
639 1462 776 1504 solum
813 1466 980 1502 vertere
1012 1466 1292 1513 cogerentur.
1334 1457 1385 1501 Hi
1420 1463 1574 1501 contra

153 1532 441 1589 procliviores
474 1533 558 1575 iam
593 1545 718 1574 aures
750 1531 912 1574 dabant
944 1531 1166 1573 exsulibus
1192 1544 1241 1572 ex
1265 1534 1411 1572 vetere
1444 1527 1574 1572 nobi-

150 1605 290 1655 litate,
327 1605 399 1661 qui
435 1602 679 1646 Borboniae
723 1602 835 1659 parti
882 1602 1094 1644 favebant.
1143 1599 1436 1644 Neerdifficile
1481 1604 1576 1642 erat.

163 1675 414 1720 bominibus
450 1674 677 1718 limatioris
710 1673 972 1716 urbanitatis
994 1686 1038 1715 se
1062 1685 1106 1714 se
1130 1685 1207 1727 per
1238 1669 1577 1713 assentationem

155 1746 397 1791 victoribus
431 1746 668 1796 insinuare,
706 1745 845 1802 iisque
871 1743 1133 1800 persuadere
1158 1741 1360 1784 tutiorem
1385 1740 1476 1783 sore
1499 1752 1578 1797 pa-
1622 1795 1624 1797 Ι

157 1831 251 1861 cem
284 1831 382 1861 cum
415 1816 703 1874 principibus,
729 1829 839 1872 quos
874 1815 1002 1867 longa
1035 1813 1274 1856 adversitas
1302 1811 1575 1864 edomuerat,

158 1903 290 1948 quam
327 1902 424 1931 cum
459 1886 696 1945 prael'croci
722 1886 874 1938 milite,
901 1885 971 1942 qui
999 1884 1106 1927 nibil
1131 1883 1211 1926 nisi
1236 1889 1376 1926 eastra
1399 1888 1441 1924 et
1463 1880 1579 1924 bella

151 1961 384 2017 cogitaret.
422 1958 464 2001 ld
513 1965 654 2000 tamen
702 1957 839 2014 primo
876 1955 1125 1998 abnuebant
1159 1967 1299 2009 reges,
1327 1951 1425 1995 dein
1450 1951 1576 2010 quasi

154 2029 207 2073 ab
243 2029 388 2073 invitis
422 2042 603 2072 arcanas
640 2028 719 2070 sibi
754 2040 882 2069 voces
922 2026 1028 2083 cripi
1074 2024 1372 2082 patiebantur;
1414 2021 1466 2066 ad
1506 2035 1575 2065 ex·

156 2107 342 2144 tremum
376 2100 484 2142 duos
528 2098 770 2142 Borbonios
811 2096 1085 2149 Burdigalam
1130 2102 1172 2137 et
1214 2093 1470 2149 Lugdunum
1515 2091 1573 2134 si—

153 2177 306 2213 verant
340 2170 597 2221 adventare5
635 2168 792 2226 quibus
825 2168 955 2210 rebus
989 2167 1122 2208 [retus
1157 2163 1398 2206 Ludovicus
1442 2159 1576 2204 thtl

156 2241 305 2283 literas
341 2239 530 2283 Parisios
565 2239 823 2291 missitabat,
859 2251 970 2294 quac
1005 2237 1214 2279 docerent
1247 2233 1349 2290 quid
1387 2231 1427 2274 in
1453 2243 1578 2289 prae-

156 2311 295 2354 sentia
330 2309 422 2352 sieri
469 2315 707 2366 oporteret.
752 2308 854 2350 lude
891 2308 1129 2362 legatorum
1174 2302 1572 2359 tergiversationes,

155 2380 231 2437 qui
266 2380 396 2424 semel
431 2379 573 2437 posita
607 2378 903 2421 retractabant
937 2376 1001 2419 vel
1036 2375 1245 2419 aliorsum
1279 2371 1574 2429 torquebant;
