1677 2620
742 57 956 96 -24-

195 122 245 167 In
278 124 526 183 praecipuis
559 125 711 171 Montii
744 127 950 185 operibus
983 128 1128 174 italica
1162 129 1263 175 Ilias
1287 130 1378 175 iure
1411 143 1566 176 cense-

133 192 278 248 batur,
315 209 426 254 quae
470 196 704 241 ariosteam
736 198 911 254 linguae
952 200 1207 244 varietatem
1248 207 1291 244 et
1332 201 1564 260 antiquum

134 264 312 311 Homeri
344 268 538 312 colorem
572 267 616 311 in
649 268 802 326 primis
832 271 982 314 refert.
1008 269 1132 314 Hanc
1161 271 1346 315 maxime
1376 279 1556 331 exopta-

134 344 287 382 verant
320 337 398 381 viri
432 338 566 392 docti,
602 345 645 382 et
678 345 779 383 tunc
811 340 1084 385 sermonibus
1106 341 1323 395 ferebant,
1359 349 1405 385 ut
1436 341 1561 387 Cesa-

134 409 257 452 rottii
301 410 488 453 versioni
523 417 814 468 opponerent,
849 411 940 468 qui,
966 411 1192 456 immutata
1215 412 1310 470 ipsa
1343 413 1567 470 poematis

134 478 438 539 inscriptione,
464 482 598 525 multa
630 482 813 526 licenter
835 490 1086 527 novaverat.
1123 482 1209 528 Nec
1242 484 1358 527 enim
1390 490 1492 528 tunc
1514 483 1558 528 in

134 545 334 594 Insubria
366 551 722 595 conticescebant
740 550 1002 597 Graecorum
1036 553 1203 608 literae,
1227 553 1558 598 sedvehemen·

134 620 222 664 tius
255 635 383 679 quam
406 635 520 665 nunc
553 622 597 665 in
630 622 784 666 iisdem
817 623 991 680 oppidis
1013 623 1286 668 colebantur.
1312 623 1451 668 Ticini
1484 637 1566 669 eas>

132 691 306 749 publice
340 691 527 736 docebat
559 693 828 737 Butturinius
852 694 1138 747 Salodiensis‚
1173 694 1362 751 diligens
1396 708 1475 739 nec
1500 695 1560 738 in-

136 761 343 816 disertus,
388 762 446 806 uti
483 764 536 806 ab
582 764 674 807 eius
717 765 988 809 auditoribus
1027 766 1191 823 accepi,
1228 771 1417 809 veterum
1461 768 1561 823 poe-

116 838 277 877 tarum
310 840 561 888 enarrator;
596 835 819 880 Bononiae
852 835 1036 880 Clotilda
1066 835 1346 890 Tambronia,
1379 837 1569 881 illustris

134 902 312 957 semina,
349 906 622 962 politissimis
655 906 799 950 latinis
842 908 985 951 verbis
1028 921 1051 951 a
1085 907 1287 967 Philippo
1319 908 1562 961 Schiassio,

135 985 178 1017 v.
205 975 280 1027 cl.‚
318 983 415 1033 post
437 983 622 1020 mortem
656 978 846 1030 laudata,
883 992 1009 1036 quam
1035 978 1276 1037 Appontius
1299 986 1341 1024 et
1362 978 1559 1023 Colome·

138 1043 227 1089 sius
262 1060 285 1089 a
323 1047 589 1104 puellaribus
638 1049 784 1106 pensis
818 1050 870 1092 ad
917 1049 1167 1093 interiorem
1205 1049 1448 1094 doctrinam
1486 1050 1564 1094 de·

137 1114 369 1171 duxerant;
398 1119 643 1177 complures
669 1120 739 1163 alii
764 1127 993 1177 praeterea
1016 1120 1097 1164 hoc
1121 1119 1380 1164 eruditionis
1403 1133 1569 1177 genere

137 1184 371 1241 florebant,
406 1189 594 1234 Jacobus
617 1190 853 1245 Morellius‚
879 1204 965 1249 quo
989 1204 1116 1235 nemo
1139 1190 1328 1245 doctior,
1363 1191 1569 1249 Lampte-

138 1255 234 1302 dius
268 1259 465 1314 Pisanus,
501 1260 566 1305 vir
599 1264 754 1306 artium
788 1262 1088 1320 plurimarum,
1124 1268 1166 1306 et
1209 1261 1406 1320 Aloysius
1439 1261 1563 1307 Lam-

138 1326 322 1385 bertius,
347 1332 420 1390 qui
445 1332 725 1377 Bodonianae
748 1332 925 1378 Homeri
949 1332 1129 1377 editioni
1153 1333 1335 1377 Parmae
1358 1332 1561 1391 praefuit,

140 1403 290 1447 addito
324 1404 672 1449 coniecturarum
706 1405 941 1458 volumine,
968 1404 1058 1460 ubi,
1102 1405 1136 1449 si
1182 1404 1322 1448 minus
1356 1403 1566 1448 Bentleia-

140 1487 240 1517 nam
283 1475 505 1519 divinandi
548 1476 648 1529 vim,
697 1484 740 1520 at
783 1483 897 1520 certe
932 1476 1128 1520 criticum
1176 1489 1358 1520 acumen
1401 1474 1566 1533 passim

141 1544 354 1589 invenias.
392 1546 468 1589 llis
513 1548 825 1591 adnumerandi
868 1547 1240 1591 adolescentiores
1283 1545 1454 1599 Graeci,
1489 1545 1563 1603 qui

140 1629 191 1660 ex
225 1617 464 1661 continenti
501 1625 614 1661 terra
649 1625 777 1676 atque
801 1632 850 1662 ex
875 1618 1076 1662 omnibus
1111 1618 1277 1670 insulis,
1312 1617 1454 1675 patrio
1479 1629 1566 1660 ser-

140 1689 260 1733 moni
292 1689 501 1733 discendo
536 1689 757 1732 Patavium
793 1689 914 1747 quasi
949 1689 1001 1732 ad
1036 1689 1193 1733 alteras
1217 1688 1422 1741 Athenas,
1456 1700 1563 1731 con-

140 1759 362 1804 volabant.
390 1760 551 1803 llorum
577 1760 912 1804 contubernales
931 1761 1101 1804 fuerant
1123 1759 1216 1816 Ugo
1241 1759 1311 1803 ille
1333 1758 1561 1811 Foscolus,

140 1831 271 1875 modo
314 1838 597 1884 memorium,
635 1838 678 1875 et
722 1831 916 1876 Andreas
963 1830 1243 1889 Mustoxidys‚
1278 1829 1563 1888 Corcyraeus,

142 1902 474 1946 venustissimus
509 1902 719 1947 Herodoti
762 1903 994 1961 interpres,
1031 1902 1230 1960 idemque
1264 1904 1409 1959 poeta,
1444 1901 1566 1945 cuius

141 1972 270 2030 plane
305 1986 462 2029 graeca
495 1979 594 2015 sunt
628 1979 779 2030 arguta
819 1974 1000 2017 comitas
1033 1979 1074 2016 et
1106 1971 1322 2016 doctrina.
1358 1971 1419 2015 Ad
1453 1970 1570 2014 hano

141 2049 326 2086 aetatem
351 2042 539 2101 pertinet
561 2042 778 2101 Josephus
803 2043 1086 2095 Biamontius,
1112 2041 1378 2095 Intemelius‚
1403 2041 1478 2100 qui
1499 2052 1563 2084 xu

142 2111 302 2156 abhinc
329 2113 454 2158 annis
482 2113 672 2158 italicam
698 2114 993 2173 eloquentiam
1018 2127 1114 2157 cum
1138 2113 1262 2157 laude
1291 2111 1440 2157 docuit
1461 2110 1567 2155 Tau-

141 2181 242 2225 rini.
282 2182 381 2227 Eius
415 2185 583 2228 animus
616 2190 872 2228 vetustatem
905 2184 1108 2239 legendo,
1143 2184 1206 2227 uti
1240 2183 1293 2226 de
1336 2195 1382 2227 se
1415 2180 1566 2226 scribit

143 2249 301 2305 Livius,
330 2254 534 2311 antiquus
556 2253 702 2307 fiebat,
729 2268 777 2298 ex
803 2268 888 2312 quo
915 2254 1131 2298 interdum
1159 2253 1202 2297 in
1225 2252 1428 2310 aequales
1451 2263 1566 2295 acer-

142 2320 256 2375 bior,
293 2337 448 2379 graeca
481 2331 523 2367 et
557 2324 690 2368 latina
723 2325 847 2368 unice
883 2324 1115 2377 laudabat;
1149 2324 1216 2367 vir
1246 2330 1334 2366 tam
1367 2319 1565 2365 assiduae

145 2390 345 2438 lectionis
380 2401 421 2438 et
456 2395 623 2438 stabilis
656 2395 908 2448 memoriae,
934 2402 980 2439 ut
1011 2401 1179 2439 remoto
1214 2395 1344 2447 libro,
1370 2393 1566 2448 integros
