1677 2620
704 86 757 92 -
787 65 838 102 14
865 86 917 94 .-

96 131 262 177 Galliae
285 133 441 188 illuxit,
466 133 562 177 faex
583 133 657 177 illa
679 140 960 192 tyrannorum
986 142 1137 179 exorta
1159 142 1242 189 est,
1267 136 1341 195 qui
1365 143 1520 182 cuncta

95 206 214 250 luctu
238 212 280 248 et
300 218 504 248 moerore
537 204 783 263 implerent.
810 205 928 249 Tunc
951 205 1231 250 triumviralis
1257 208 1332 251 illa
1354 209 1520 254 securis

93 277 192 334 plus
214 277 400 320 sortasse
429 275 714 318 humanarum
739 276 980 319 hostiarum
1015 276 1176 330 hausit,
1203 292 1332 336 quam
1355 279 1518 325 Romae

93 347 218 391 Marii
253 349 387 400 furor,
413 354 455 390 et
478 347 756 390 considerata
788 346 929 405 Syllae
962 348 1214 403 erudelitas,
1250 363 1347 393 cum
1379 352 1521 409 pallor

93 426 136 462 et
169 419 356 474 gemitus
402 424 674 471 notarentur,
710 431 790 461 nec
824 432 900 463 sua
942 433 1205 478 quemquam
1248 420 1516 476 innocentia,

93 496 174 534 aut·
198 490 363 545 ingenii
397 489 572 542 decora,
609 495 683 531 aut
716 496 836 534 aetas
867 491 937 533 vel
969 503 1094 534 sexus
1125 490 1178 535 ab
1212 491 1345 535 exitio
1380 505 1520 545 serya-

90 567 173 605 ret.
201 560 280 612 Qui
299 567 401 603 tune
423 560 578 603 modus
619 560 883 604 domesticae
913 561 1171 605 immanitati
1198 562 1304 616 fuit,¹
1333 569 1406 606 aut
1443 565 1518 622 qui

93 631 216 676 locus
259 638 346 675 tam
392 631 623 688 religiosus
657 638 700 674 et
739 632 1005 686 inaccessus,
1039 633 1113 690 qui
1156 646 1311 690 expers
1347 635 1518 679 cruoris

95 701 256 746 fuerit?
299 701 417 745 Tunc
459 701 502 744 in
555 702 620 744 ira
674 701 812 745 civilis
855 702 1092 755 victoriae,
1139 704 1269 747 urbes
1310 705 1517 751 vecordia

90 774 282 831 partium
316 773 482 817 excisas
505 773 707 825 vidimus,
734 779 835 816 tunc
860 787 938 830 per
961 787 1172 816 summum
1206 775 1328 818 nefas
1359 774 1516 819 civium

90 846 235 903 capita
268 859 291 887 a
324 844 674 887 familiarissimis
708 844 898 901 prodita,
936 845 1141 903 quodque
1184 845 1253 888 vix
1285 845 1417 890 fidem
1448 846 1515 890 in-

88 916 251 968 veniat,
288 915 339 959 ad
373 915 673 958 intolerandos
698 915 933 969 eruciatus,
968 915 1061 958 viva
1096 928 1283 973 corpora
1306 917 1518 961 exanimis

89 987 236 1030 iuncta
268 993 311 1029 et
342 985 593 1029 fluminibus
642 985 857 1039 demersa,
894 992 939 1029 ut
972 986 1015 1029 in
1049 993 1169 1029 tanta
1217 987 1378 1045 ubique
1421 986 1515 1031 ani-

88 1071 259 1100 morum
305 1057 675 1110 consternatione,
712 1064 882 1101 terrore
927 1057 970 1099 in
1016 1057 1230 1101 insaniam
1263 1071 1406 1112 verso,
1441 1057 1516 1116 qui

89 1128 210 1186 prius
241 1129 372 1172 vitam
406 1128 605 1180 orabant,
640 1128 893 1171 laetabundi
926 1129 1085 1172 collum
1131 1128 1405 1172 carnificibus
1440 1143 1511 1173 su-

89 1201 319 1244 biicerent.
345 1199 399 1243 Ut
423 1207 565 1242 autem
591 1199 752 1242 Romae
777 1199 899 1257 paria
917 1198 1208 1255 gladiatorum
1231 1199 1448 1243 cadmaeis
1466 1213 1512 1244 se

89 1271 341 1315 vulneribus
364 1270 672 1323 conficiebant,
699 1270 760 1313 sic
780 1269 949 1328 tyranni
974 1283 1061 1312 non
1086 1270 1168 1311 iam
1194 1282 1218 1312 a
1241 1271 1420 1327 populo,
1437 1271 1513 1314 sed

88 1355 112 1384 a
137 1342 330 1399 tyrannis
355 1342 538 1385 invicem
571 1341 882 1384 caedebantur.
908 1339 968 1383 Ne
991 1353 1095 1383 vero
1119 1340 1282 1398 aliquid
1312 1340 1515 1398 publicae

89 1413 323 1456 calamitati
344 1414 531 1466 deesset,
560 1412 682 1455 alteri
707 1410 879 1455 Gabinii
902 1417 944 1454 et
974 1411 1098 1454 alteri
1130 1405 1329 1465 Pisones,
1354 1411 1511 1469 quibus

87 1483 195 1526 nibil
220 1490 335 1527 esset
353 1484 488 1536 domi,
514 1484 595 1526 nisi
615 1497 693 1540 per
718 1482 948 1525 latrocinia
967 1489 1154 1538 partum,
1176 1482 1509 1540 quaesitissimis

86 1555 382 1612 voluptatibus
431 1554 648 1597 communi
695 1555 869 1610 inopiae
913 1553 1057 1609 palam
1102 1553 1366 1605 illudebant3
1409 1553 1510 1598 dum

86 1625 289 1679 dictator,
326 1639 411 1683 quo
446 1639 574 1668 nemo
606 1625 761 1667 tetrior
785 1632 857 1666 aut
890 1623 1102 1679 ignavior,
1130 1630 1377 1667 numeratas
1400 1637 1506 1682 quo·

86 1696 190 1740 tidie
217 1696 428 1747 victimas,
457 1695 616 1739 indicta
650 1709 795 1747 eausa,
822 1694 914 1737 neci
940 1694 1212 1750 designabat.
1249 1692 1508 1739 Huiusmodi

86 1765 314 1811 hominum
339 1773 539 1824 portenta
564 1765 778 1823 patienter
812 1765 910 1807 tulit
933 1763 1087 1817 Gallia,
1114 1764 1228 1807 intus
1252 1764 1506 1808 contemtim

87 1851 111 1880 a
143 1838 406 1882 factionibus
439 1837 603 1889 habita,
646 1850 743 1880 cum
782 1836 904 1889 foris,
941 1835 1071 1878 rebus
1109 1847 1320 1893 prospere
1353 1836 1504 1892 gestis,

87 1908 265 1952 hostilia
298 1922 433 1965 regna
479 1908 715 1951 invaderet.
752 1907 1039 1950 Triumvirum
1085 1906 1355 1950 dominatum
1386 1906 1510 1964 quin·

88 1980 254 2036 queviri
288 1986 568 2037 exceperunt,
618 1979 660 2022 in
705 1978 894 2035 speciem
938 1978 1187 2036 aequiores,
1224 1977 1297 2035 qui
1346 1983 1508 2030 tamen,

86 2057 256 2093 retento
291 2051 341 2093 ad
380 2050 611 2093 ludibrium
646 2049 860 2092 libertatis
906 2049 1098 2100 nomine,
1134 2054 1288 2090 cuncta
1321 2060 1399 2104 pro
1439 2061 1509 2092 ar-

84 2119 218 2164 bitrio
258 2122 506 2164 miscerent.
550 2122 611 2163 Ab
651 2121 733 2163 liis¹
763 2120 955 2176 Napoleo
996 2119 1240 2176 Bonaparte
1284 2117 1509 2176 copiarum

85 2190 176 2235 Dux
211 2199 398 2244 creatus,
434 2191 600 2235 Italiam
626 2190 867 2234 celerrimis
900 2190 1094 2233 victoriis
1128 2189 1342 2242 lustravit,
1376 2201 1508 2246 quarn

85 2263 275 2307 triennio
311 2271 404 2321 poet
453 2278 500 2307 cx
536 2265 727 2320 Aegypto
774 2261 924 2315 redux,
960 2275 1046 2305 uno
1090 2261 1258 2318 proelio
1305 2258 1505 2304 hostibus

85 2334 227 2377 demo
262 2335 447 2391 eripuit3
474 2335 539 2377 vir
562 2348 664 2377 sane
698 2332 1013 2386 memorabilis,
1040 2332 1083 2375 in
1107 2346 1193 2390 quo
1217 2344 1383 2375 summa
1414 2343 1501 2374 om-

82 2405 156 2448 nia
188 2413 362 2463 praeter
404 2405 534 2449 animi
579 2405 926 2449 moderationem
974 2404 1147 2447 suerunt
1190 2402 1378 2446 abunde.
1415 2399 1498 2446 Sed
