1677 2620
791 110 845 118 -.
872 89 924 128 58
951 110 1004 118 .-

188 161 414 218 placuerat
465 157 696 212 sententia,
741 158 816 215 qui
861 156 1006 202 Gallos
1051 159 1186 203 semel
1231 160 1475 218 perculsos,
1518 166 1612 206 toto

187 231 306 275 bello
330 229 477 274 statim
509 227 778 273 invadendos
801 235 1048 272 censerent.
1069 228 1141 272 Sic
1165 229 1281 272 enim
1303 230 1416 274 ferre
1438 230 1614 274 aiebant

189 300 398 344 mobilem
431 299 547 344 illius
582 299 725 355 gentis
756 304 972 353 naturam,
996 305 1044 342 ut
1077 298 1121 342 in
1152 299 1325 356 magnis
1355 300 1460 344 belli
1483 299 1616 345 offen·

190 371 406 424 sionibus,
446 370 634 414 instante
671 369 840 414 iteratis
875 370 1127 414 vulneribus
1169 369 1312 425 hoste,
1358 383 1479 414 arma
1518 384 1618 416 cum

193 441 349 486 animis
392 440 598 494 abiiciat;
643 440 710 484 sin
752 440 991 498 paullulum
1036 440 1352 498 interspiravit‚
1388 441 1531 486 acrius
1563 441 1617 486 ad

192 521 416 560 certamen
446 514 614 557 redeat.
650 529 668 555 α
700 512 810 564 Quid
835 513 969 564 aliud,
995 514 1192 558 detracto
1215 513 1407 558 nominis
1428 515 1615 572 fulgore,

192 584 436 642 Napoleoni
471 596 712 641 superesse,
740 597 869 640 quam
903 583 1017 626 intus
1039 590 1228 627 veterem
1262 577 1445 627 Galliam
1475 584 1618 628 conti-

193 655 338 699 nuatis
381 653 605 698 funeribus
648 667 930 709 exsanguem,
977 654 1143 697 circum
1183 667 1287 698 vero
1330 660 1396 699 tot
1433 655 1618 713 populos

193 726 312 769 nulla
336 725 448 768 inter
471 739 515 768 se
539 724 880 777 necessitudine,
906 724 980 767 sed
1006 730 1170 768 temere
1194 730 1238 767 et
1260 724 1301 767 vi
1323 724 1618 780 consociatos,

196 796 286 854 qui,
319 796 490 839 sublato
525 809 549 838 a
581 794 820 838 foederatis
853 795 1097 852 communis
1128 794 1344 839 libertatis
1378 795 1521 852 signo,
1547 794 1622 840 alii

193 872 296 924 post
328 866 460 909 alium
492 864 772 908 dilabantur‘.>
805 864 1055 908 Meminisse
1078 864 1263 908 Batavos
1286 864 1500 909 maiorum
1533 864 1623 922 glo·

193 937 286 980 riae
310 942 353 980 et
374 935 615 980 recentium
648 935 922 989 iniuriarum,
949 934 1022 993 qui
1045 935 1193 978 clauso
1221 935 1347 998 mari,
1378 935 1623 993 intercepta

194 1006 491 1062 navigatione,
526 1020 549 1049 a
583 1005 671 1049 suis
696 1005 882 1049 coloniis
918 1012 960 1049 et
992 1004 1248 1049 mercaturis
1284 1005 1618 1063 prohibeantur.

196 1077 446 1120 Meminisse
476 1075 632 1132 Belgas
667 1075 871 1134 antiquae
905 1075 1227 1129 aemulationis,
1264 1089 1374 1134 quae
1408 1075 1492 1120 sibi
1523 1088 1623 1120 curn

196 1146 330 1191 Gallis
368 1146 675 1190 intercederet.
721 1145 832 1197 Quid
877 1146 1053 1190 tandem
1093 1158 1296 1189 sensuros
1339 1144 1619 1202 Subalpinos,

196 1216 465 1270 Genuenses,
502 1216 700 1275 aliosque
725 1215 874 1260 Italiae
908 1216 1111 1274 populos,
1139 1216 1297 1273 quibus
1320 1216 1387 1259 vel
1409 1215 1504 1273 ipsa
1525 1229 1622 1260 ver-

195 1288 353 1331 nacula
387 1288 664 1344 linguauna
701 1300 799 1330 cum
836 1287 990 1344 patriis
1030 1286 1199 1343 legibus
1237 1286 1388 1329 fuisset
1425 1284 1624 1329 ademta?

198 1358 322 1402 Hunc
354 1371 486 1416 porro
510 1357 671 1401 exitum
703 1371 798 1401 esse
830 1370 1084 1414 regnorum,
1111 1370 1220 1415 quae
1244 1356 1297 1400 ad
1321 1355 1500 1399 nimiam
1530 1368 1622 1399 ma-

197 1429 440 1486 gitudinem
473 1428 559 1472 cito
593 1428 880 1481 excreverint,
915 1434 961 1471 ut
991 1427 1161 1470 eminus
1192 1426 1443 1486 metuenda,
1479 1425 1513 1470 si
1547 1438 1623 1470 co-

196 1500 341 1544 minus
366 1500 591 1553 feriantur,
617 1498 677 1543 uti
702 1511 886 1556 corpora
911 1498 963 1541 de
986 1498 1110 1541 coelo
1134 1503 1266 1550 tacta,
1290 1510 1377 1541 uno
1401 1500 1624 1540 momento

199 1576 405 1614 corruant
448 1586 489 1612 ι».
530 1569 591 1613 Eo
624 1568 830 1612 libentius
864 1568 972 1612 haec
1017 1567 1322 1620 audiebantur,
1368 1565 1485 1624 quod
1529 1566 1625 1609 Ale·
1675 1609 1677 1615 A

197 1639 362 1683 xander
386 1639 625 1683 Russorum
658 1637 915 1694 imperator,
941 1637 984 1680 in
1008 1643 1226 1680 conventu
1249 1649 1400 1692 regum
1434 1635 1620 1688 dixerat,

198 1709 512 1767 Napoleonem,
535 1709 610 1767 qui
628 1707 842 1752 Moskwae
866 1708 1034 1760 fuisset,
1064 1720 1108 1750 se
1140 1705 1259 1750 brevi
1288 1704 1627 1750 resalutaturum

200 1780 394 1824 Parisiis.
432 1779 553 1831 Quod
588 1785 731 1822 autem
763 1778 998 1835 praecipue
1033 1777 1086 1820 ad
1120 1790 1211 1819 rem
1244 1776 1364 1829 facit,
1398 1773 1549 1832 copias
1582 1774 1628 1817 in

200 1851 404 1908 procintu
440 1849 659 1893 habebant
696 1848 907 1893 foederati
939 1847 1191 1891 obruendae
1222 1845 1406 1899 Galliae,
1440 1858 1495 1889 ne
1527 1844 1629 1888 dum

202 1920 522 1978 oppugnandae
545 1933 690 1977 pares,
716 1932 795 1962 nec
819 1932 1009 1976 unquam
1039 1924 1126 1961 tam
1150 1915 1426 1974 inexplebilis
1450 1913 1629 1959 ultionis

202 1991 298 2035 sitis
323 1990 515 2049 proxime
545 1990 786 2033 bellaturos
810 1989 1087 2032 accenderat.
1116 1986 1310 2030 Delenda
1342 1992 1436 2029 erat
1457 1983 1630 2028 macula

202 2061 502 2118 superioribus
535 2060 731 2103 cladibus
770 2067 988 2117 suscepta,
1025 2065 1067 2102 et
1100 2071 1195 2101 cum
1230 2056 1357 2100 hoste
1390 2054 1628 2112 confligen-

201 2132 321 2184 dum,
349 2145 475 2189 quem
510 2136 638 2174 antea
672 2130 894 2182 invictum,
928 2135 1028 2172 tunc
1064 2129 1252 2181 fortuna,
1278 2125 1501 2170 conversis
1535 2136 1628 2169 sor·

202 2202 335 2255 tibus,
370 2215 509 2260 paene
541 2202 733 2245 vinctum
768 2200 982 2244 tradebat.
1020 2199 1122 2242 Erat
1155 2204 1382 2256 praeterea
1414 2195 1458 2239 in
1492 2193 1631 2239 oculis

203 2273 343 2329 gloria
373 2273 574 2326 maxima,
600 2278 762 2316 etcum
796 2270 937 2327 gloria
959 2269 1120 2327 praeda
1143 2283 1193 2312 ex
1216 2280 1353 2324 regno
1388 2264 1630 2324 opulentis-

203 2342 340 2395 sin¹o;
379 2343 537 2401 quibus
569 2343 622 2387 de
655 2342 814 2396 causis,
851 2340 980 2384 nullis
1015 2339 1211 2383 bibernis
1244 2336 1454 2381 militibus
1495 2333 1626 2388 datis,

204 2412 536 2470 impressionem
562 2413 604 2456 in
626 2412 806 2457 Galliam
842 2412 983 2455 facere
1006 2411 1308 2454 decreverunt.
1334 2405 1550 2462 Vorgebat
1574 2403 1630 2448 ad
