1677 2620
211 630 382 674 Nemini
414 632 596 676 dubium
631 632 877 684 videbatur,
914 632 1019 690 quin
1051 633 1150 676 talis
1183 634 1268 678 dux
1302 635 1460 694 istique
1491 635 1575 680 mi-

153 701 252 746 lites
280 703 506 760 regionem
536 704 589 747 ab
629 711 906 747 externorum
947 704 1078 747 armis
1112 712 1257 749 essent
1289 705 1570 762 vindicaturi,

152 774 188 817 si
210 775 411 818 universa
433 773 572 818 Gallia
593 774 997 818 consurrectionem
1017 775 1060 817 in
1085 776 1202 831 ipsos
1225 776 1414 820 fecisset.
1440 776 1572 835 Spem

153 846 316 904 quippe
358 846 608 889 indiderant
649 860 718 889 res
752 845 1002 903 nuperrime
1038 852 1204 902 gestae.
1239 847 1318 891 Hic
1355 848 1472 893 enim
1517 851 1573 896 ad

152 915 400 974 Sequanam
424 930 633 973 prospere
657 923 895 973 pugnatum
921 916 963 958 in
998 915 1244 961 Senonibus
1267 918 1429 973 fuerat;
1462 919 1569 975 illic,

150 988 266 1032 ultra
297 988 554 1040 Matronam‚
592 989 757 1041 hostes,
795 987 868 1046 qui
913 987 1074 1031 Meldas
1115 988 1200 1031 iam
1233 998 1570 1048 occupaverant,

151 1060 203 1104 ad
222 1060 412 1103 Montem
431 1059 692 1112 mirabilem,
715 1060 767 1103 ad
787 1066 976 1102 castrum
995 1059 1273 1114 Theodorici,
1296 1061 1348 1105 ad
1366 1060 1574 1108 Cronium

150 1137 193 1175 et
216 1131 490 1184 Laodunum,
517 1130 714 1187 graviore
739 1132 828 1174 ictu
852 1130 1042 1188 perculsi
1067 1131 1309 1190 fugatique,
1335 1133 1572 1189 Augustam

151 1200 416 1246 Suessonum
451 1216 495 1246 se
527 1209 800 1259 receperant.
836 1202 1109 1258 Augereauio
1143 1208 1288 1246 autem
1312 1202 1573 1260 Lugdunum

150 1272 531 1331 appropinquante
556 1287 651 1317 cum
675 1272 898 1325 subsidiis,
925 1285 1037 1331 quae
1061 1273 1104 1316 in
1127 1272 1283 1316 itinere
1315 1273 1573 1331 collegerat,

149 1349 295 1387 tantus
329 1345 461 1388 timor
493 1345 739 1389 foederatos
773 1345 817 1387 in
849 1343 1318 1401 Sequanisinvaserat,
1337 1350 1386 1388 ut
1407 1344 1583 1402 fugien-

149 1415 257 1458 tium
280 1429 433 1459 currus
456 1415 619 1474 ubique
653 1416 1028 1473 conspicerentur.
1069 1414 1152 1459 Sed
1196 1423 1297 1473 post
1327 1422 1393 1460 tot
1425 1428 1571 1460 rerum

150 1491 459 1529 conversiones
505 1488 616 1530 sessa
659 1493 783 1530 erant
827 1499 1029 1543 corpora,
1066 1485 1362 1542 languidiores
1408 1484 1569 1540 animi;

149 1552 295 1598 Gallos
330 1557 509 1613 insuper
532 1558 722 1600 terrebat
749 1558 887 1613 ipsum
921 1556 1184 1612 Napoleonis
1220 1556 1461 1612 ingenium,
1494 1556 1583 1614 quiv

148 1635 357 1680 praeceps
380 1624 431 1666 ad
452 1624 706 1674 certamina,
729 1636 871 1680 neque
891 1624 1030 1666 victor
1048 1638 1190 1681 neque
1214 1623 1354 1666 victus
1375 1635 1571 1681 unquam

147 1701 261 1736 esset
285 1694 527 1751 quieturus.
567 1694 626 1737 Eo
661 1701 888 1750 praeterea
912 1696 1171 1751 imperante,
1198 1693 1302 1737 illud
1330 1693 1567 1747 acciderat,

148 1765 262 1820 quod
303 1765 344 1807 in
382 1766 603 1823 plerisque
640 1764 906 1816 civitatibus,
933 1764 1008 1807 ubi
1043 1764 1191 1807 omnia
1227 1763 1407 1821 antiqua
1447 1770 1567 1818 sunt,

150 1834 252 1877 vitia
275 1842 316 1878 et
339 1837 540 1887 servituS‚
568 1842 614 1878 ut
637 1836 824 1893 quisque
848 1848 937 1878 rem
965 1834 1218 1877 familiarem
1241 1834 1303 1877 uti
1326 1834 1568 1893 propriam,

150 1905 366 1962 publicam
391 1907 452 1949 uti
488 1906 674 1949 alienam
711 1913 900 1949 curaret.
933 1904 1208 1963 Quapropter
1239 1905 1401 1950 rustica
1429 1905 1577 1950 multi-

147 1975 272 2027 tudo,
298 1976 489 2019 emeritis
529 1976 614 2019 iam
650 1975 897 2032 stipendiis,
936 1976 1040 2020 satis
1076 1976 1281 2028 habebat,
1320 1975 1354 2018 si
1386 1987 1572 2033 pauper·

149 2046 291 2090 culum
315 2046 447 2088 larcin
474 2060 496 2089 a
527 2046 864 2103 praedatoribus
899 2046 1169 2098 defenderet,
1208 2044 1330 2104 plebs
1365 2058 1468 2090 vero
1499 2058 1575 2090 ur·

145 2116 259 2159 hana
281 2116 344 2159 vel
367 2116 408 2159 in
432 2116 619 2173 opificiis
644 2117 827 2169 inclusa,
854 2117 916 2159 vel
938 2117 1194 2160 mercaturis
1213 2117 1395 2168 intenta,
1421 2114 1572 2160 omnia

146 2186 263 2230 hello
294 2187 465 2243 potiora
504 2187 709 2231 ducebat.
748 2187 832 2232 Nec
870 2188 1011 2231 solum
1042 2188 1256 2231 urbanum
1291 2186 1459 2242 vulguS,
1491 2184 1568 2230 sed

146 2256 263 2313 ipsos
287 2256 542 2300 dunestane
567 2257 668 2300 belli
694 2256 911 2301 fastidium
949 2264 1141 2315 ceperat,
1168 2258 1328 2316 quibus
1361 2255 1571 2300 nimirum

147 2327 364 2369 communi
391 2326 523 2370 Marte
548 2327 621 2370 diu
646 2328 834 2379 iactatis,
853 2327 1048 2371 nondum
1072 2326 1274 2371 obductis
1296 2325 1567 2378 vulneribus,

145 2395 297 2440 eadem
333 2397 426 2440 alea
450 2398 608 2441 iterum
632 2403 747 2441 esset
780 2397 994 2441 adeunda.
1032 2397 1084 2441 Hi
1121 2396 1415 2455 Napoleonem
1445 2393 1569 2440 adire
