1677 2620
731 71 946 109 -78—
1453 51 1472 66 ⁴

124 142 244 188 butis
281 147 325 187 et
356 141 546 186 ferendis
579 141 750 199 legibus
784 140 1087 185 decernerant.
1129 140 1215 186 Sed
1236 149 1548 202 praeterquam

131 214 247 273 quod
271 212 515 258 istiusmodi
542 212 729 257 edictum
753 227 777 256 a
798 212 925 268 regni
956 211 1222 256 administris
1255 212 1417 270 passim
1439 227 1545 258 oon-

129 285 397 338 oulcabatur‚
435 284 610 329 solliciti
654 283 888 328 admodum
924 282 1055 327 animi
1091 290 1214 327 erant
1252 283 1308 327 ob
1346 283 1547 329 assiduos

130 358 328 402 exsulum
355 363 553 410 conatus,
581 355 655 414 qui
679 355 812 408 bona,
839 368 949 413 quae
987 353 1234 412 praeteritis
1257 355 1546 413 proscrIptio-

129 427 261 472 nibus
298 427 550 476 amiserant,
575 432 728 470 contra
760 425 935 470 ultimas
969 424 1195 482 pactiones
1231 438 1256 468 a
1289 424 1414 468 novis
1442 437 1546 483 pos·

130 498 375 543 sessoribus
411 497 634 541 vindicare
671 495 940 540 nitebantur.
981 496 1064 540 Res
1111 502 1204 539 erat
1236 495 1411 546 maximi
1444 508 1544 539 mo-

128 569 265 613 menti
307 581 565 627 summoque
598 567 804 626 utrinque
850 567 992 611 studio
1039 567 1217 623 agitata,
1258 573 1299 609 et
1337 564 1547 625 quoniam

129 641 173 686 id
195 642 314 701 pacis
337 642 656 686 firmamentum
693 642 936 694 videbatur,
975 640 1195 684 Parisiaco
1227 640 1405 684 foedere
1444 653 1546 683 cau-

128 720 220 758 tum
263 715 420 768 fuerat,
457 719 505 757 ut
542 727 670 772 quae,
714 713 888 772 publica
929 711 1016 755 fide
1060 711 1332 769 interposita,
1370 711 1548 756 vendita

128 791 333 842 emtaque
355 783 553 838 fuissent,
593 790 688 828 rata
710 784 754 827 in
791 790 1014 841 posterum
1052 783 1335 826 haberentur.
1365 781 1546 826 Verum·

129 859 274 899 tamen
298 861 340 898 et
369 868 517 912 regem
547 854 816 913 quotidianis
851 853 1093 899 aulicorum
1126 851 1414 911 querimoniis
1446 865 1546 911 per-

124 923 252 969 facile
293 925 408 970 vinci
450 939 576 983 posse
618 925 871 978 credebant,
921 932 963 968 et
1015 925 1058 968 in
1099 931 1222 968 tanta
1269 923 1546 981 opinantium

125 995 336 1039 varietate
388 996 551 1040 inventi
594 997 764 1040 fuerant
808 996 881 1054 qui
931 1002 1142 1052 negarent
1197 1000 1314 1039 recte
1366 994 1548 1039 retineri

123 1078 236 1122 quae
269 1080 346 1123 per
377 1067 462 1110 vim
499 1067 602 1110 olim
635 1067 817 1110 fuissent
849 1067 1033 1111 ademta.
1059 1065 1164 1110 Cum
1189 1065 1255 1110 his
1293 1099 1462 1109 .........
