1677 2620
686 79 900 118 -10-

135 427 195 472 Te
213 427 345 485 igitur
367 429 682 473 circumvolent
714 430 964 486 praeclarae
983 430 1170 484 animae,
1197 446 1306 491 quas
1329 434 1507 493 quidem

76 512 195 542 nunc
230 513 416 557 corpore
449 499 631 553 solutas,
673 501 830 544 eodem
871 508 913 544 te
957 515 1122 557 amore,
1163 517 1250 561 quo
1288 518 1429 562 nuper
1460 505 1507 550 in

71 569 222 623 terris,
258 571 468 627 prosequi
501 570 680 614 credere
715 571 778 614 fas
815 579 894 614 est.
921 570 1046 622 Quod
1079 571 1115 616 si
1149 572 1234 616 iam
1269 575 1507 630 grandaevi

76 652 182 696 prae
223 639 444 697 voluptate
480 640 801 684 incredibiliter
833 641 1184 699 repuerascimus
1216 644 1314 688 loca
1345 644 1506 689 iterum

74 709 284 764 visentes,
319 710 393 755 ubi
427 711 531 755 olim
564 711 761 766 lusimus,
788 718 951 770 quanto
985 713 1190 757 libentius
1223 715 1268 758 in
1301 728 1376 760 eos
1409 717 1506 761 feri-

74 794 173 824 mur
204 782 489 839 cogitatione,
516 783 589 842 qui
623 797 703 826 nos
726 784 770 826 in
802 783 910 827 haec
945 784 1165 828 mundana
1202 785 1395 843 hospitia
1425 787 1503 831 de·-

76 851 206 905 latos‚
232 852 426 896 omnium
459 853 587 911 primi
610 854 940 912 perhumaniter
971 855 1269 913 exceperunt?
1301 856 1349 900 Id
1373 858 1503 902 ambo

75 923 243 981 experti
282 937 428 967 sumus
466 924 511 967 in
553 924 753 978 Calusio,
795 939 924 983 quem
967 926 1113 970 statim
1156 934 1254 985 post
1296 934 1500 984 mortem,

73 993 286 1038 subitaria
328 995 586 1052 scriptione,
627 996 690 1040 uti
733 1004 908 1054 arrepta
951 1004 1070 1041 creta
1106 998 1299 1056 pictores
1340 999 1500 1054 solent,

74 1064 202 1109 nobis
236 1066 377 1109 vivum
410 1066 660 1110 reddidisti.
697 1066 832 1118 Quam
867 1082 1014 1125 saepe,
1040 1083 1138 1112 cum
1171 1083 1256 1112 una
1285 1083 1499 1126 essemus,

74 1147 125 1177 ex
149 1135 234 1179 alio
267 1136 312 1179 in
342 1137 474 1180 alium
509 1152 758 1182 sermonem
796 1139 963 1196 delapsi
999 1140 1052 1183 ad
1085 1138 1304 1184 Calusium
1326 1141 1501 1184 deveni-

73 1218 183 1259 mus,
211 1207 301 1251 sive
324 1208 500 1266 aliquod
531 1209 622 1253 eius
655 1210 817 1253 dietum
851 1224 1132 1264 memorares,
1168 1212 1257 1255 sive
1289 1211 1499 1267 studium,

71 1290 158 1334 quo
201 1279 354 1323 beatus
398 1295 529 1325 senex
573 1288 702 1339 teque
745 1288 786 1324 et
829 1288 925 1325 tuos
970 1283 1364 1340 complectebatur!
1411 1282 1503 1328 Nec

73 1349 202 1392 ullius
236 1351 421 1395 fortasse
455 1353 532 1395 suit
564 1354 806 1405 amantior;
840 1354 956 1411 quod
979 1354 1158 1397 insolito
1193 1354 1361 1411 fulgore
1395 1367 1498 1398 ocu-

71 1418 212 1463 lorum
247 1423 504 1476 testabatur,
542 1425 714 1481 quoties
747 1425 800 1468 de
840 1432 898 1477 te,
941 1425 1005 1467 vel
1049 1425 1100 1468 de
1135 1425 1271 1468 nobili
1305 1426 1496 1483 poetria,

70 1489 267 1536 Deodata
298 1493 490 1547 Revella,
518 1509 670 1539 sorore
704 1504 774 1538 tua
810 1497 1059 1550 lectissima,
1095 1497 1363 1541 mentionem
1399 1497 1496 1541 inii-

71 1570 206 1607 ceret.

130 1847 214 1891 Sed
256 1861 345 1891 non
389 1849 528 1891 solum
572 1849 677 1892 liaeo
722 1856 872 1891 nostra
908 1850 1074 1905 legens,
1122 1849 1376 1894 notissimos
1419 1849 1498 1894 tibi

69 1918 184 1962 viros
208 1918 369 1976 passim
400 1919 611 1971 invenies,
637 1919 710 1962 sed
746 1926 977 1963 eventuum
1000 1920 1254 1963 varietatem
1291 1927 1499 1978 tanquam

73 1988 113 2031 in
138 1989 285 2032 tabula
316 1989 552 2047 spectabis,
577 1989 734 2046 quibus
769 1990 1057 2034 interfuimus.
1084 1989 1204 2039 Quod
1245 2004 1333 2034 non
1356 1991 1500 2035 minus

69 2059 149 2103 tibi
173 2059 406 2103 iucundum
430 2061 521 2102 sore
545 2061 750 2112 arbitror,
775 2074 905 2118 quam
928 2060 1251 2117 navigantibus,
1281 2061 1353 2119 qui
1378 2075 1500 2119 aspe-

69 2144 164 2173 rum
197 2144 313 2173 mare
352 2131 532 2183 emensi,
569 2131 814 2188 insperatas
843 2131 1016 2174 demum
1053 2132 1217 2176 insulas
1249 2131 1494 2189 attigerint.

69 2200 186 2251 Quae
211 2215 396 2260 namque
422 2210 539 2245 aetas
565 2203 751 2246 feracior
775 2217 952 2246 casuum
977 2203 1082 2246 suit‘?
1117 2208 1189 2246 aut
1215 2203 1496 2262 quandonam

70 2273 236 2317 maiora
268 2275 465 2318 fortunae
489 2274 670 2317 arbitria
706 2275 747 2317 in
784 2275 992 2318 mortales
1016 2275 1210 2318 suerunt!
1238 2275 1297 2317 Ad
1330 2273 1492 2317 exitum

65 2346 271 2403 vergebat
305 2347 502 2402 superius
533 2346 740 2397 seculum,
777 2360 908 2403 quum
947 2346 989 2388 in
1029 2346 1218 2390 medium
1259 2344 1490 2389 incidimus

66 2430 212 2460 rerum
235 2418 427 2461 omnium
447 2425 683 2461 certamen.
711 2417 827 2459 Tune
856 2417 971 2460 enim
1001 2416 1155 2469 Gallia,
1182 2417 1327 2460 diruto
1352 2430 1374 2458 a
1400 2415 1487 2458 suu-
