1677 2620
759 42 972 81 „62-

153 125 308 171 puram
344 111 688 155 renunciationis
728 112 956 156 formulam
993 112 1230 169 exigerent.
1270 115 1461 173 Accepto
1495 114 1575 162 Se-

152 182 501 235 natusconsulto,
538 181 837 240 Napoleonem
870 182 991 226 aiunt
1025 183 1306 240 indignanter
1342 185 1578 232 Senatores

153 254 320 307 risisse,
355 252 428 311 qui
462 254 606 307 servili
628 267 767 311 nuper
799 255 841 298 in
877 267 922 297 se
954 255 1116 307 animo,
1152 255 1322 313 turpius
1357 270 1472 301 nunc
1503 271 1573 302 re-

153 327 281 383 gibus
304 325 585 378 assentando,
612 338 744 382 seque
768 332 811 368 et
833 323 1014 369 Galliam
1038 326 1396 370 dehonestarent.
1429 327 1573 386 Nega-

152 398 229 442 bat
262 397 305 440 id
329 397 572 454 profundae
606 396 813 439 avaritiae
846 396 1097 440 hominibus
1130 397 1322 452 licuisse,
1347 409 1458 457 quos
1495 412 1576 457 pu·

152 468 281 513 blicis
303 469 460 526 opibus
495 468 785 524 saginaverat,
812 467 974 525 diuque
1011 468 1258 512 exsulantes
1291 469 1345 512 ad
1382 482 1578 516 summos

153 538 346 583 honores
368 538 413 581 in
451 538 637 596 patriam
658 544 956 589 revocaverat;
982 538 1172 595 negabat
1211 538 1405 596 potuisse
1438 539 1574 584 Sena-

154 617 244 653 tum
260 610 312 653 de
335 622 472 665 regno
510 609 764 660 decernere,
792 615 942 665 utpote
978 608 1051 666 qui
1089 609 1328 662 servandis,
1353 623 1443 654 non
1473 610 1573 654 sub-

151 680 371 724 vertendis
415 680 585 736 legibus
619 685 734 722 esset
767 679 1005 722 institutus.
1043 678 1126 723 Sed
1159 679 1293 722 multo
1332 680 1475 723 minus
1513 680 1575 724 se-

152 752 287 795 renda
308 750 569 794 videbantur
591 749 912 793 foederatorum
938 749 1138 807 imperia,
1163 751 1235 807 qui
1271 763 1317 794 se
1348 749 1576 807 Popiliana

153 822 276 878 virga
313 829 401 865 tam
438 827 557 865 arcte
590 821 748 864 vellent
788 820 1163 864 circumscribere.
1209 818 1427 876 Cogitanti
1469 832 1572 865 vero

155 890 468 936 succurrebant
507 890 714 947 insperati
753 890 1007 947 plerumque
1046 890 1255 933 victoriae
1291 903 1432 934 casus.
1467 888 1607 941 Quid·

155 962 269 1005 enim
295 962 329 1004 si
355 963 445 1018 ipse
482 974 577 1004 cum
616 961 702 1003 suis
742 961 815 1018 qui
855 967 1126 1018 supererant,
1158 960 1456 1018 inexspectato
1500 959 1576 1004 ad·

156 1038 286 1075 ventu
325 1032 578 1089 consopitos
626 1031 890 1074 Parisiorum
931 1030 1109 1089 spiritus
1148 1031 1383 1074 excitaret?
1425 1030 1579 1074 Annon

155 1116 261 1161 prae
285 1102 463 1145 ultionis
487 1102 574 1154 siti,
613 1101 782 1145 bostem
816 1102 900 1144 iam
941 1102 1022 1145 sibi
1054 1101 1196 1158 minus
1225 1107 1575 1158 praecaventem,

154 1186 233 1231 per
269 1174 377 1225 sora,
418 1185 495 1230 per
537 1173 712 1230 templa,
752 1187 828 1230 per
873 1173 1042 1224 domos,
1089 1172 1204 1215 ferro
1247 1178 1289 1214 et
1331 1171 1500 1215 facibus
1524 1184 1576 1216 ex

158 1243 402 1301 composito
436 1243 721 1287 adorientur‘?
754 1244 842 1287 Iam
877 1257 998 1295 vero,
1030 1242 1402 1298 conflagrantibus
1444 1242 1578 1286 semel

156 1313 348 1368 Parisiis,
395 1328 522 1371 quam
567 1315 777 1357 credibile
821 1320 885 1357 est
923 1320 1101 1356 cunctas
1142 1314 1338 1356 civitates
1374 1313 1418 1355 in
1456 1311 1572 1356 idem

154 1399 469 1438 consensuras;
511 1385 625 1443 quod
651 1385 683 1428 si
706 1384 796 1437 fiet,
826 1385 898 1427 illa
923 1391 1199 1427 externorum
1233 1384 1457 1435 colluvies,
1482 1395 1570 1426 uno

154 1456 364 1513 temporis
384 1462 561 1513 puncto,
580 1457 621 1499 in
641 1455 810 1498 devicta
830 1455 910 1498 sibi
932 1453 1067 1498 Gallia
1085 1455 1282 1498 scrobem
1303 1451 1525 1498 inveniat?
1541 1467 1560 1496 ι

156 1525 276 1569 Hanc
301 1540 419 1583 spem
444 1526 619 1569 alebant
643 1527 782 1569 nuntii
807 1526 858 1568 de
889 1525 1089 1582 proximo
1125 1524 1249 1568 Sultii
1279 1539 1329 1568 ex
1366 1523 1577 1582 Hispania

157 1596 359 1650 adventu,
387 1597 459 1654 qui
495 1597 695 1639 Tolosam
734 1596 786 1638 ad
821 1595 1080 1639 Garumnam
1117 1609 1211 1638 cum
1250 1609 1409 1651 magno
1452 1607 1576 1638 exer-

156 1667 244 1711 citu
267 1667 663 1725 appropinquabat.
692 1665 772 1709 Sed
797 1666 869 1723 qui
895 1678 1044 1708 omnes
1070 1665 1239 1708 consilii
1266 1664 1488 1708 celeritate
1521 1664 1575 1709 ad

155 1750 250 1781 eam
287 1738 401 1781 diem
440 1737 617 1788 vicerat,
654 1737 695 1779 in
736 1743 822 1779 tam
859 1737 947 1780 acri
989 1741 1209 1778 momento
1254 1734 1405 1778 eadem
1441 1733 1576 1778 modo

156 1808 384 1863 probabat,
425 1807 555 1850 modo
593 1807 842 1850 damnabat.
883 1807 1019 1863 Atque
1056 1805 1157 1848 illud
1194 1804 1334 1862 primo
1369 1804 1575 1848 obversa·

155 1877 297 1931 batur,
326 1878 476 1936 culpae
509 1877 589 1920 sibi
621 1891 790 1920 versum
828 1877 896 1929 iri,
923 1877 956 1919 si
993 1876 1121 1918 nullis
1155 1876 1288 1919 ferme
1313 1874 1414 1919 belli
1447 1888 1576 1933 prae-

156 1949 294 1999 sidiis,
343 1948 385 1991 in
430 1948 757 1991 irrevocabilem
803 1961 948 1990 casum
993 1961 1037 1990 se
1081 1947 1220 1989 daret.
1264 1945 1340 1988 Ubi
1385 1957 1574 2002 namque

156 2020 371 2063 aerarium
395 2019 614 2062 solvendis
636 2019 817 2061 militum
844 2006 1100 2075 stipendiis,
1118 2023 1190 2059 aut
1214 2029 1317 2074 quo,
1352 2015 1576 2060 exinanita

156 2096 220 2134 tot
242 2089 599 2147 populationibus
630 2089 828 2144 regione,
871 2088 1177 2131 frumentatum
1219 2086 1391 2130 adiret?
1413 2086 1475 2131 An
1509 2084 1572 2130 uti

157 2160 421 2204 adventitius
465 2160 548 2202 dux
586 2159 673 2202 suis
717 2159 855 2214 magis
891 2172 1018 2216 quam
1058 2158 1257 2201 hostibus
1300 2155 1573 2208 metuendus,

156 2237 280 2288 rapto
321 2230 498 2281 viveret,
539 2237 580 2273 et
613 2231 667 2272 ab
702 2230 882 2272 urbibus
918 2228 1139 2286 depulsus,
1185 2226 1419 2284 agrestium
1461 2224 1575 2270 casis

158 2302 335 2343 infestas
371 2313 523 2344 manus
564 2299 770 2342 inscrret‘?
809 2300 869 2342 An
913 2299 1140 2350 sactiones,
1177 2311 1284 2355 quas
1323 2295 1427 2340 olim
1468 2293 1573 2339 edo-

154 2377 340 2421 muerat,
390 2370 543 2412 iterum
588 2369 834 2422 excitando,
881 2369 1005 2412 civile
1049 2368 1210 2412 bellum
1257 2363 1576 2411 commoveret?
