1677 2620
740 42 953 80 —72—

141 110 321 156 dovicus
355 112 401 156 in
438 112 584 157 fratris
621 113 832 158 ditionem
871 122 919 159 ut
960 115 1006 158 in
1048 128 1170 160 suam
1205 117 1472 162 succederet.
1509 117 1564 163 ta
1634 99 1645 107 ⁵

141 192 290 230 autem
310 185 412 230 mali
436 185 596 230 ominis
617 185 860 241 videbatur,
886 187 1003 246 quod
1025 188 1258 233 arcessitus
1280 188 1335 233 ab
1356 189 1567 236 hostibus

140 265 259 304 esset
282 259 440 316 gallico
465 259 606 302 adhuc
644 271 800 303 eruore
822 257 1024 317 perfusis,
1050 259 1208 318 quibus
1227 259 1337 304 adeo
1359 260 1404 305 in
1434 259 1566 318 regni-

148 330 334 388 pretium
357 331 500 375 multa·
527 330 769 375 concedere
810 330 956 374 invitis
994 330 1166 389 populis
1189 337 1434 387 cogeretur.
1473 330 1567 376 Nec·

143 401 289 445 minus
312 408 405 445 erat
438 401 845 460 pertimescendum,
883 415 937 445 ne
973 401 1047 460 qui
1082 401 1201 446 exsul
1225 401 1298 446 diu
1328 403 1483 456 suerat,
1518 407 1574 446 et

144 485 423 523 externorum
446 476 621 534 hospes,
648 489 758 520 nova
783 474 1047 529 damnando,
1071 488 1185 533 quae
1221 474 1405 518 celerior
1437 473 1562 531 inge·

144 548 319 593 nicrum
342 554 384 591 et
409 561 554 591 rerum
578 561 728 592 cursus
753 548 989 601 invexerat,
1030 547 1083 590 ad
1119 545 1567 592 veteraincommoda

148 620 329 673 rediret,
368 633 478 677 quae
516 619 696 663 Galliam
730 619 1094 664 desormaverant.
1129 618 1239 670 Quid
1279 631 1384 662 vero
1415 618 1470 672 si,
1493 619 1563 664 uti

150 690 331 734 credere
354 705 433 748 par
456 696 564 743 erat,
590 689 735 734 fratris
771 696 812 734 et
845 689 1189 748 propinquorum
1222 689 1398 734 eaedem
1425 690 1566 736 ultum
1635 680 1640 687 ’

144 760 346 805 veniret?
387 762 539 805 Annon
578 761 643 804 vel
687 761 780 818 ipsa
822 761 943 817 regia
986 760 1175 817 dignitas
1215 760 1482 818 postulabat,
1515 768 1566 806 ut

145 830 344 889 qua‘mvis
368 832 672 890 aequissimus,
700 832 958 876 domesticas
982 831 1160 875 iniurias
1198 831 1571 890 persequeretur?

152 899 275 952 Quod
320 902 355 946 si
396 903 524 946 semel
565 903 615 947 ad
650 902 820 946 civilem
857 902 1112 960 sanguinem
1144 902 1338 956 duraret,
1371 902 1444 961 qui
1476 902 1567 948 iam

147 972 268 1017 foret
311 974 605 1018 calamitatum
647 974 776 1018 finis‘?
817 974 1100 1018 Miserrimam
1147 974 1341 1031 profecto
1382 972 1569 1018 Galliam>

147 1057 247 1088 esse
289 1044 537 1097 dicendam,
575 1058 684 1103 quae
720 1046 851 1089 modo
886 1045 964 1089 sub
999 1044 1214 1089 libertatis
1235 1044 1411 1089 nomine
1434 1058 1459 1088 a
1494 1059 1566 1089 re-

153 1109 347 1166 pentinis
369 1110 563 1168 tyrannis
587 1124 812 1168 oppressa,
837 1110 968 1154 modo
1012 1110 1090 1154 sub
1129 1108 1378 1168 Napoleone
1409 1109 1570 1154 frustra

142 1186 209 1224 tot
257 1181 451 1237 gentium
494 1181 664 1234 victrix,
709 1181 964 1239 repudiatae
1000 1195 1115 1225 nune
1162 1194 1314 1238 regum
1349 1180 1475 1239 stirpi
1511 1181 1571 1226 ad

143 1249 358 1296 ultionem
381 1252 649 1297 traderetur!

215 1601 334 1647 Ilaec
357 1602 553 1661 plerique
578 1616 728 1647 omnes
751 1603 1136 1656 adolescentiores,
1155 1602 1228 1661 qui
1251 1603 1373 1648 novis
1396 1603 1571 1662 opinio·

155 1672 286 1717 nibus
326 1673 496 1727 imbuti,
534 1673 640 1717 nihil
671 1675 800 1717 ferme
844 1674 897 1718 de
936 1673 1166 1718 Borboniis
1203 1679 1376 1730 praeter
1409 1687 1571 1720 nomen

158 1744 401 1789 audierant.
429 1744 508 1796 Qui
532 1751 685 1789 eontra
708 1745 927 1789 Ludovico
964 1745 1181 1798 favebant,
1209 1743 1326 1801 genti
1348 1758 1450 1790 suae
1472 1759 1570 1803 gra-

152 1816 405 1860 tulabantur
427 1829 536 1874 quae
560 1830 609 1859 ex
632 1822 717 1859 tam
737 1830 862 1860 saeva
882 1822 1136 1873 tempestate
1155 1822 1198 1860 et
1215 1829 1359 1860 rerum
1377 1815 1573 1862 omnium

158 1886 405 1944 naufragio,
433 1887 475 1930 in
513 1887 605 1931 eius
629 1887 805 1930 tutelam
843 1893 889 1929 ut
926 1887 968 1930 in
1004 1893 1175 1945 portum
1211 1885 1456 1931 securitatis
1478 1887 1573 1945 ple·

156 1971 279 2010 num,
307 1971 352 2001 se
375 1957 604 2014 reciperet.
633 1958 840 2001 Perfacile
862 1957 930 2001 luis
969 1963 1061 2002 erat
1096 1957 1327 2001 ostendere
1349 1956 1569 2015 principa-

151 2034 242 2072 tum
286 2041 390 2087 prae
434 2028 590 2072 ceteris
634 2028 855 2072 civitatum
903 2029 1070 2081 formis,
1109 2027 1329 2073 Gallorum
1372 2027 1571 2073 moribus

158 2112 416 2154 congruere.
443 2099 655 2151 Quorsum
679 2100 793 2142 enim
817 2099 1019 2143 evaderet
1047 2105 1222 2143 strenua
1253 2098 1342 2153 illa,
1375 2098 1451 2143 sed
1485 2097 1568 2142 im·

154 2169 328 2212 modica
352 2176 394 2213 et
416 2169 604 2213 volucris
639 2169 858 2213 Gallorum
896 2176 1068 2223 natura,
1107 2169 1190 2214 nisi
1232 2169 1311 2213 sub
1347 2167 1569 2227 aequabili

153 2252 313 2296 regum
355 2240 555 2298 imperiO,
594 2240 706 2284 intra
743 2242 879 2284 iustos
916 2240 1022 2284 fines
1052 2239 1374 2284 contineretur?
1414 2238 1566 2298 Itaque

154 2309 208 2353 ab
241 2311 392 2354 ultima
414 2317 644 2363 vetustate,
671 2318 712 2355 et
745 2318 844 2355 ante
878 2318 919 2355 et
957 2318 1054 2369 post
1086 2308 1351 2355 Francorum
1384 2308 1567 2368 impres-

153 2378 340 2435 sionem,
367 2395 498 2438 quum
521 2381 619 2425 victi
643 2381 917 2440 victoresque
941 2380 1066 2425 simul
1090 2380 1405 2435 coalescerent,
1424 2377 1577 2425 Gallos
