1677 2620
769 77 823 87 .-
852 57 902 95 18
929 78 983 86 -

162 129 444 175 victoriarum
480 143 608 173 causa
643 130 737 182 fuit,
763 130 825 174 sic
856 131 990 174 rebus
1025 131 1240 176 stabiliter
1271 133 1589 180 constituendis

163 215 294 262 quam
328 201 515 245 maxime
540 200 695 244 obfuit.
723 201 768 244 Id
803 208 966 252 autem,
993 209 1041 246 ut
1071 203 1157 246 alia
1188 203 1404 258 omittam,
1431 204 1584 251 incon-

161 276 336 329 stantia,
363 287 448 334 qua
471 288 539 319 res
572 274 782 320 Italorum
816 276 1098 333 gerebantur,
1124 276 1167 320 in
1191 276 1342 335 primis
1375 278 1580 323 ostendit.

160 345 242 400 Qui
286 347 420 401 enim,
457 347 656 392 extinctis
689 347 858 392 duabus
900 347 1202 392 vetustissimis
1242 349 1509 394 Venetorum
1541 357 1584 395 et

159 415 454 463 Genuensium
488 419 825 477 rebuspublicis,
860 418 935 462 uni
968 420 1250 475 Marinianae,
1286 434 1398 480 quae
1429 423 1582 469 56Ἴῖ-

159 491 247 535 tani
283 491 444 535 montis
476 492 644 549 pruinis
669 491 888 544 tuebatur,
914 492 970 534 ob
995 491 1277 548 exiguitatem
1308 501 1580 552 pepercerat,

157 560 261 605 duas
295 561 400 605 alias
433 561 667 606 Mediolani
702 568 744 605 et
776 562 998 606 Bononiae
1029 562 1171 620 primo
1206 563 1394 608 adventu
1426 567 1585 611 consti-

153 632 253 686 tuit,
279 633 395 677 unde
429 633 569 677 tribus
593 633 718 677 annis
740 640 836 692 post
871 633 1015 677 italica
1038 634 1215 687 coaluit,
1240 649 1351 693 quae
1375 636 1582 697 deinceps

153 704 278 762 regni
311 718 470 749 nomen
496 704 679 763 accepit.
706 704 753 748 ld
778 718 910 761 porro
934 704 1085 748 vitium
1119 712 1211 749 erat
1233 707 1298 750 vel
1322 708 1577 764 maximum,

153 775 270 834 quod
304 775 495 820 victoris·
524 776 674 834 populi
707 775 825 832 leges
858 782 901 819 et
934 775 1131 820 instituta
1162 777 1284 821 nullo
1330 778 1580 826 discrimine

152 846 207 890 ad
239 847 376 891 victos
410 848 765 901 transferrentur,
800 848 916 891 unde
951 853 1015 891 tot
1047 848 1215 892 subitae
1249 849 1513 895 mutationes
1534 850 1579 895 in

151 913 367 972 Insubria,
394 925 501 977 quot
534 918 578 961 in
612 916 749 962 Gallia
783 925 958 963 secutae
992 925 1107 963 sunt.
1135 918 1196 963 Ea
1229 926 1456 977 praeterea
1486 929 1579 966 erat

149 993 397 1047 temporum
436 989 678 1044 inclinatio,
715 1003 853 1048 eaque
886 991 1024 1035 ferme
1057 990 1254 1034 omnium
1282 990 1450 1050 opinio,
1490 992 1577 1036 iam

146 1059 296 1118 pueris
329 1060 472 1113 nobis,
510 1074 533 1103 a
566 1074 697 1105 scena
730 1068 772 1105 et
805 1060 1170 1119 philosophorum
1204 1062 1327 1106 libris
1359 1063 1573 1120 profecta,

145 1136 194 1175 ut
227 1132 384 1176 ceteris
426 1132 650 1177 civitatum
684 1133 835 1177 formis
868 1134 1146 1190 posthabitis,
1181 1133 1405 1192 popularis
1438 1139 1574 1178 status

144 1203 274 1248 unice
307 1205 586 1262 probaretur.
613 1204 706 1249 Hoc
740 1204 963 1263 sophistae
997 1205 1040 1248 in
1074 1204 1246 1262 angulis
1278 1203 1575 1263 personabant

143 1272 344 1320 homines
388 1275 599 1334 imperiti,
637 1275 710 1334 qui
744 1275 926 1334 antiqua
958 1275 1197 1329 laudando,
1243 1275 1348 1333 quid
1390 1288 1572 1320 romana

141 1343 320 1391 libertas
364 1347 416 1391 ab
461 1346 706 1391 atheniensi
744 1345 955 1401 differret,
1000 1347 1130 1405 plane
1173 1345 1445 1404 ignorarent,
1491 1359 1570 1391 nec

140 1417 366 1475 popularis
404 1417 591 1462 levitatis
639 1418 919 1461 incommoda
966 1418 1008 1460 in
1051 1417 1353 1476 Aristophanis
1393 1415 1567 1470 sabulis,

142 1493 185 1532 et
230 1489 274 1531 in
314 1488 558 1532 Aristotelis
593 1495 635 1532 et
681 1489 847 1547 Polybii
895 1488 1067 1546 scriptis
1114 1501 1309 1546 unquam
1342 1487 1569 1532 vidissent.

141 1553 251 1609 Quid
294 1558 409 1602 enim
443 1558 477 1601 si
512 1558 634 1603 Plato
680 1560 858 1617 eiusque
902 1559 1098 1617 aequalis
1140 1559 1402 1616 Xenophon,
1439 1558 1570 1602 ambo

140 1628 319 1673 Athenis
352 1629 441 1674 nati
466 1636 507 1673 et
531 1629 731 1683 instituti,
757 1630 1097 1687 pulcherrimam
1122 1629 1348 1686 regiminis
1382 1629 1569 1673 formam-

139 1699 184 1744 in
219 1700 330 1745 iusto
365 1713 502 1757 regno
527 1707 758 1758 ponerent,
797 1701 914 1759 quod
951 1701 1001 1744 ad
1037 1700 1264 1754 unitatem,
1300 1700 1480 1759 quaein
1507 1699 1570 1744 di·

139 1770 240 1816 vino
273 1772 423 1815 mundi
458 1771 633 1829 opificio
667 1772 830 1830 ubique
864 1785 908 1816 se
942 1772 1105 1830 prodit,
1142 1772 1279 1828 magis
1312 1769 1568 1816 accederet?

139 1839 222 1886 Sed
248 1841 314 1885 vix
337 1842 422 1887 dici
458 1848 599 1900 potest
633 1856 763 1900 quam
788 1842 1049 1886 turbulentis
1073 1841 1358 1886 concionibus
1381 1841 1567 1887 Cleones

137 1909 256 1956 illius
301 1913 473 1966 aetatis,
520 1913 591 1971 qui
634 1913 813 1957 horrido
848 1913 965 1957 cultu
1010 1919 1052 1957 et
1097 1913 1290 1971 capillati
1322 1913 1453 1958 urbes
1485 1914 1567 1958 cir-

136 1982 378 2037 cumibant,
428 1982 721 2026 multitudinis
766 1997 913 2027 auram
954 1990 1196 2041 captarent.
1233 1983 1357 2035 Quod
1400 1984 1563 2028 nemini

135 2052 294 2098 mirum
329 2053 578 2106 videbitur;
616 2053 657 2097 id
693 2054 830 2098 multo
857 2055 1155 2098 incredibilius
1179 2056 1426 2113 complures
1459 2061 1562 2100 tune

135 2122 335 2169 inventos
369 2138 477 2179 esse,
515 2124 586 2183 qui
624 2125 926 2170 fallacissimae
961 2126 1074 2170 illius
1115 2126 1327 2171 libertatis
1360 2126 1561 2171 fluctibus

135 2208 181 2240 se
214 2197 329 2240 ultro
363 2195 703 2240 committerent.
730 2197 882 2241 Nonne
907 2197 1179 2255 inauspicato
1213 2203 1255 2241 et
1288 2211 1366 2255 per
1393 2197 1477 2241 vim
1510 2211 1559 2242 ea

135 2265 278 2309 suerat
310 2267 509 2310 invecta‘?
542 2265 694 2311 Nonne
728 2281 825 2311 cum
859 2267 1079 2312 servitutis
1113 2274 1233 2322 nota,
1270 2281 1366 2312 cum
1401 2267 1559 2312 tributa

137 2336 190 2380 ad
224 2336 445 2381 Gallorum
478 2343 629 2381 nutum
667 2337 976 2395 penderentur,
1013 2345 1055 2382 et
1088 2339 1329 2382 centuriata
1361 2338 1558 2382 iuventus

136 2404 188 2450 ad
213 2421 300 2451 non
324 2420 400 2451 sua
434 2406 550 2452 bella
583 2409 735 2466 procul
769 2423 793 2452 a
825 2409 912 2453 suis
946 2409 1225 2454 mitteretur?
1246 2408 1357 2461 Quid
1380 2407 1557 2454 concio-
