1677 2620
757 52 811 60 -.
838 32 889 70 16
917 53 970 61 -

149 101 294 158 gloria
315 100 624 145 insatiabiliter
653 107 942 157 exsaturatus,
979 101 1068 147 sive
1095 102 1157 147 ita
1177 103 1310 149 ferret
1330 103 1433 148 novi
1454 104 1585 162 regni

150 172 409 226 necessitas,
460 171 550 216 sive
597 172 716 230 quod
760 172 867 216 belli
912 172 1246 228 scientissimus,
1296 175 1585 220 certaminum

147 242 293 286 aleam
326 242 526 301 cupidius
559 242 717 296 adiret,
754 242 974 301 Europam
1007 243 1194 288 assiduis
1226 245 1584 290 contentionibus

153 313 336 367 attrivit,
362 326 412 356 ex
446 326 550 371 quo,
577 313 854 370 conglobatis
876 313 1052 357 demum
1083 328 1233 371 regum
1256 322 1300 359 et
1321 316 1584 374 populorum
1642 324 1657 348 ²

149 382 334 437 viribus,
379 397 457 427 suo
505 386 599 442 ipse
632 390 793 427 conatu
833 385 1059 442 perculsus
1100 392 1183 430 est.
1232 385 1293 430 Eo
1340 385 1585 445 imperante

154 453 341 498 Pennini
383 461 514 512 atque
546 454 735 499 Helvetii
776 461 949 499 montes
983 456 1096 500 ferro
1141 457 1347 515 patefacti
1379 463 1496 513 sunt,
1540 465 1584 503 et

151 524 346 580 flumina,
382 527 506 570 novis
539 525 672 570 alveis
717 526 966 584 descriptis,
1002 527 1056 571 ad
1089 528 1268 572 dissitos
1299 542 1458 590 cursus
1499 536 1587 574 tra·

148 595 305 650 ducta,
343 597 502 641 milites
537 604 767 655 praeterea
789 589 912 641 suum
945 598 1100 642 ducem
1122 599 1277 654 secuti,
1312 600 1367 644 ad
1389 599 1584 646 Hebrum

152 667 206 710 ad
239 667 467 722 Vistulam‚
504 669 557 712 ad
591 668 750 723 Nilum,
777 683 872 712 cum
908 669 1217 715 diversissimis
1251 670 1454 728 gentibus
1475 684 1583 716 con·
1642 686 1645 687 ⁷

150 738 369 782 ilixerunt.
396 738 502 782 Inde
525 739 737 797 Hispania
762 746 805 782 et
827 738 1057 784 Germania
1079 742 1176 799 plus
1199 741 1333 786 semel
1359 742 1580 786 communi

152 816 356 853 arserunt
377 810 599 864 incendio,
627 817 669 854 et
691 809 844 854 Oriens
877 825 1116 855 concussus
1145 813 1306 857 nostris
1328 813 1583 858 vulneribus

146 886 194 923 et
227 880 580 925 dissensionibus
613 882 655 925 in
690 888 912 940 posterum
945 883 1100 940 patuit.

210 1444 327 1496 Quae
367 1452 575 1504 tanquam
611 1448 654 1490 in
690 1462 820 1492 scena
855 1456 1066 1507 spectata,
1093 1449 1157 1492 vel
1190 1449 1234 1492 in
1269 1448 1433 1493 somnis
1466 1449 1577 1506 visa,

147 1529 266 1560 nunc
284 1517 637 1572 reminiscimur3
665 1526 750 1562 tam
775 1521 910 1574 varia,
934 1527 1019 1563 tam
1042 1533 1251 1578 praeceps
1273 1532 1420 1564 rerum
1444 1520 1579 1566 series

149 1587 251 1631 suit!
290 1586 392 1639 Quis
426 1602 525 1631 eum
552 1597 720 1633 motum
755 1598 854 1648 apte
888 1590 1031 1634 verbis
1055 1590 1349 1647 descripserit,
1384 1603 1472 1648 quo
1504 1604 1578 1635 ve·

149 1657 229 1702 luti
274 1659 463 1716 gurgite,
501 1673 652 1704 omnes
701 1661 981 1705 ferebamur?
1027 1661 1184 1704 Plenus
1230 1660 1441 1705 Occidens
1484 1668 1580 1706 erat

150 1743 396 1784 armorum,
432 1731 534 1774 dum
570 1732 740 1789 inquies
787 1732 859 1776 illc
894 1732 1003 1776 Mars
1048 1732 1112 1774 vel
1158 1731 1200 1774 in
1245 1745 1352 1789 pace
1383 1737 1577 1788 sagatus,

149 1800 297 1845 hostes
341 1802 538 1846 cursibus
580 1803 815 1859 fatigabat:
866 1803 1005 1860 ruptis
1048 1802 1298 1846 foederibus
1339 1815 1579 1859 regnorum

148 1877 290 1916 sortes
313 1873 427 1916 serro
463 1873 620 1916 iterum
645 1873 961 1927 cernebantur;
988 1875 1087 1917 novi
1112 1873 1355 1917 tetrarchae
1378 1880 1422 1917 et
1451 1887 1581 1931 reges

149 1942 194 1985 in
242 1943 428 1988 aliorum
476 1945 612 1988 vicem
661 1945 974 1996 trudebantur;
1024 1951 1176 2003 captae
1217 1958 1356 1998 arces,
1408 1936 1580 1989 traiecti

150 2012 287 2067 fluvii,
313 2015 519 2058 conscissi
554 2015 784 2068 exercitus,
812 2028 836 2057 a
861 2015 1062 2059 laureatis
1095 2014 1258 2059 nuntiis
1286 2014 1485 2073 quotidie
1517 2013 1580 2058 le-

148 2082 377 2128 rebantur.
404 2084 474 2127 Sic
499 2086 571 2128 ille
595 2086 742 2129 omnia
766 2100 844 2144 pro
868 2086 1083 2130 arbitratu
1104 2085 1318 2139 versabat,
1341 2085 1581 2143 studioque

151 2153 354 2199 incensus
400 2156 687 2200 aemulandae
730 2157 1027 2201 Romanorum
1075 2155 1404 2213 magnitudinis,
1440 2169 1496 2201 ne
1534 2169 1583 2201 se

150 2232 430 2269 cunctantem
464 2227 597 2270 satum
633 2229 920 2285 opprimeret,
948 2234 1067 2271 tanta
1101 2234 1193 2271 erat
1226 2227 1270 2270 in
1303 2226 1473 2283 agendo
1506 2239 1579 2271 ce·

151 2294 341 2350 leritate,
383 2304 431 2340 ut
465 2311 594 2341 nemo
628 2304 716 2342 tam
752 2313 852 2342 acer
885 2305 958 2342 aut
991 2299 1094 2355 vigil
1136 2304 1261 2352 esset,
1298 2297 1403 2357 quin
1437 2297 1492 2342 ab
1522 2309 1579 2342 eo

152 2375 518 2424 praeverteretur.
545 2368 664 2420 Quae
696 2383 867 2415 summa
890 2371 1073 2424 navitas,
1110 2370 1197 2414 imo
1231 2367 1502 2428 properatio,
1528 2375 1578 2414 ut
