1677 2620
718 102 773 111 -.
799 82 851 120 50
879 103 931 110 .-

115 159 158 198 et
190 153 410 198 Moskwoe
442 152 657 206 flammae,
692 152 927 210 saguntina
958 153 1204 210 pervicacia
1235 153 1289 198 ab
1321 154 1405 213 ipsi
1437 154 1540 199 civi·

110 223 194 269 bus
227 226 451 278 incensae,
487 224 616 269 futuri
639 223 743 268 belli
778 236 906 268 omen
939 224 1140 277 fuerun‘t;
1177 224 1250 268 sed
1275 225 1412 270 multo
1445 225 1534 268 exi·

111 296 268 342 tiosior
299 297 465 341 reditus
488 297 581 340 fuit.
618 295 855 340 Kutusofus
889 294 1020 349 enim,
1047 295 1113 338 cui
1138 308 1189 339 ea
1209 295 1434 353 provincia
1458 296 1533 340 de-

108 371 315 415 mandata
355 371 511 422 fuerat,
555 367 790 424 Iugurthae
832 366 999 410 artibus
1041 380 1186 411 moras
1231 367 1420 421 trahere,
1465 371 1538 411 an'-

112 443 276 500 gustias
324 443 546 499 flexusque
597 439 763 483 viarum
815 438 1032 491 insidere,
1087 445 1325 482 extremum
1379 451 1533 496 agmen

109 513 302 556 cruentis
334 508 660 554 velitationibus
693 521 888 566 carpere,
930 514 973 551 et
1010 507 1097 550 cito
1133 506 1293 558 dilabi;
1340 505 1534 550 immisso

111 580 284 626 demum
325 580 557 625 barbarico
602 580 815 639 equitatu,
861 578 1007 622 omnia
1050 578 1213 622 circum
1255 584 1443 631 vastare,
1487 582 1533 621 ut

109 653 224 696 ferro
269 653 395 696 simul
437 659 480 695 et
519 653 632 695 same
676 650 816 694 hostis
857 649 1036 707 periret.
1074 648 1151 692 His
1195 648 1531 708 adiungebatur,

108 723 426 781 praecipitante
455 723 541 766 iam
574 721 734 774 hieme,
761 720 989 773 intensior,
1016 719 1241 763 remissior
1270 721 1447 778 frigoris
1469 723 1533 767 vis

109 794 194 854 qua
234 794 405 838 insueta
446 792 667 837 Gallorum
710 805 914 849 corpora,
961 791 1064 847 gelu
1106 792 1328 849 torpentia
1369 793 1532 851 passim

108 866 430 917 concidebant,
477 864 655 907 flumina
697 876 798 906 vero
839 863 881 904 in
927 862 1110 918 glaciem
1143 862 1263 920 prius
1307 871 1529 919 concreta,

106 950 208 981 mox
243 937 321 981 sub
346 936 529 994 pedibus
551 936 734 988 hiantia,
772 935 962 978 iumenta
987 940 1028 977 et
1050 933 1252 978 homines
1282 934 1325 977 in
1349 936 1530 993 prosun-

107 1007 209 1052 dum
243 1008 489 1052 trahebant.
526 1006 643 1050 inter
665 1004 913 1050 huiusmodi
948 1004 1223 1049 difficultates
1255 1004 1366 1049 Galli
1388 1007 1528 1052 relato

107 1080 244 1136 gradu
278 1079 329 1122 ad
365 1078 613 1122 Beresinam
649 1082 956 1134 pervenerunt,
1002 1075 1075 1119 ubi
1108 1083 1232 1120 terno
1272 1078 1527 1131 certamine,

105 1153 200 1210 pari
236 1151 437 1208 utrinque
474 1156 636 1205 strage,
663 1148 866 1205 fugientis
901 1147 1116 1191 exercitus
1141 1148 1351 1207 reliquiae
1384 1148 1530 1193 inedia

105 1227 148 1266 et
181 1222 440 1265 lassitudine
472 1221 713 1271 confectae,
752 1231 891 1276 paene
928 1217 1098 1262 deletae
1140 1225 1254 1262 sunt.
1292 1218 1397 1263 Inde
1430 1233 1529 1278 per-

107 1292 233 1350 pauci
258 1291 509 1343 admodum,
545 1304 632 1334 non
667 1303 790 1333 secus
815 1303 863 1332 ac
886 1288 1082 1343 naufragi
1106 1301 1157 1330 ex
1179 1301 1337 1345 magna
1359 1294 1524 1348 tempe-

105 1369 233 1416 state,
262 1363 492 1406 simulacra
515 1361 660 1418 potius
683 1360 926 1412 hominum,
963 1373 1090 1417 quam
1115 1358 1331 1414 homines,
1358 1360 1528 1405 amissis

104 1434 260 1491 signis,
288 1432 626 1491 impedimentis,
653 1431 842 1474 Wilnam
876 1430 1026 1473 urbem
1051 1443 1097 1473 se
1131 1437 1405 1488 receperunt.
1441 1432 1526 1476 An-

105 1506 319 1563 gebanlur
342 1504 561 1548 desiderio
588 1516 781 1556 suorum,
801 1515 912 1559 quos
935 1500 977 1544 in
1002 1506 1122 1544 tanta
1139 1502 1336 1545 locorum
1355 1502 1528 1558 longin-

101 1577 267 1636 quitate
291 1576 405 1619 haud
441 1574 623 1632 amplius
647 1580 793 1617 essent
815 1572 999 1615 revisuri
1019 1587 1029 1624 ;
1056 1571 1294 1615 narrabant
1326 1573 1528 1630 quemad-

101 1649 278 1692 modum
311 1660 389 1705 per
422 1645 515 1689 illas
550 1644 833 1688 solitudinum
867 1642 1089 1697 ambages,
1124 1642 1300 1685 incertis
1333 1642 1527 1700 imperiis

103 1717 177 1763 diu
201 1717 481 1767 erravissent,
506 1723 552 1759 ut
575 1715 760 1758 turbidis
782 1714 947 1757 solibus
970 1714 1236 1758 turbidior-es
1258 1719 1410 1757 noctes
1428 1726 1524 1757 suc-

102 1791 324 1843 cederent,
361 1795 406 1831 ut
437 1789 504 1830 vix
528 1801 550 1831 e
584 1788 673 1830 luto
708 1793 750 1829 et
781 1784 1012 1842 paludibus
1046 1784 1220 1835 emersi,
1255 1783 1308 1827 ab
1343 1782 1526 1828 hastatis

102 1860 321 1918 equitibus
357 1859 513 1902 misere
552 1855 933 1913 interciperentur.
972 1854 1129 1910 Ingens
1168 1860 1271 1898 tunc
1310 1854 1448 1898 luctus
1482 1852 1526 1896 in

102 1927 238 1975 Gallia
263 1930 358 1982 suit,
384 1943 462 1973 nec
494 1929 645 1973 hostes
668 1928 785 1985 ipsos
809 1933 872 1968 tot
893 1926 1045 1969 funera
1070 1925 1161 1968 sine
1197 1925 1398 1984 lacrymis
1419 1930 1525 1982 puto

103 2001 370 2059 adspexisse.
400 1999 480 2043 Sed
510 2013 597 2043 non
622 1999 764 2042 minus
797 1995 1076 2040 admirationi
1102 1995 1180 2039 suit
1213 1994 1423 2052 Napoleo‚
1449 1994 1524 2053 qui

101 2078 144 2115 et
167 2072 252 2115 alio
278 2070 540 2115 detrimento
565 2070 607 2112 in
631 2067 842 2126 Hispania
867 2081 944 2124 per
961 2080 1037 2110 eos
1060 2067 1153 2109 dies
1177 2069 1375 2122 accepto,
1401 2065 1525 2109 novis

101 2142 239 2200 copiis
276 2155 403 2199 quam
442 2140 667 2184 celerrime
706 2137 987 2196 comparatis,
1032 2136 1160 2180 citius
1201 2135 1394 2180 omnium
1427 2135 1523 2194 opi-

100 2212 233 2256 nione
259 2212 311 2256 ad
336 2218 552 2255 certamen
575 2210 719 2254 rediit.
757 2208 879 2252 Haud
910 2208 1017 2250 alias
1052 2213 1167 2250 certe
1193 2205 1520 2249 vehementiora

98 2283 283 2326 militum
317 2283 458 2327 studia
491 2283 531 2325 in
567 2296 688 2324 suum
724 2280 876 2324 ducem
908 2279 1155 2331 extiterunt,
1183 2290 1262 2321 nec
1296 2275 1404 2320 alius
1436 2276 1521 2320 dux

97 2351 292 2398 firmiore
326 2353 471 2397 animo
505 2351 851 2411 postPonticum
884 2351 1004 2393 illum
1040 2347 1349 2400 Mithridatem,
1374 2346 1417 2389 in
1450 2344 1523 2390 ad·

100 2425 239 2469 versis
263 2425 357 2469 suit.
384 2424 628 2469 Pullulabat
651 2430 753 2467 tunc
775 2422 906 2466 armis
934 2419 1181 2472 Germania,
1215 2415 1519 2462 deficientibus
