<?xml version="1.0" encoding="UTF-8"?>
<!DOCTYPE html PUBLIC "-//W3C//DTD XHTML 1.0 Transitional//EN"
    "http://www.w3.org/TR/xhtml1/DTD/xhtml1-transitional.dtd">
<html xmlns="http://www.w3.org/1999/xhtml" xml:lang="en" lang="en">
 <head>
  <title>
</title>
<meta http-equiv="Content-Type" content="text/html;charset=utf-8" />
  <meta name='ocr-system' content='tesseract 3.04.00' />
  <meta name='ocr-capabilities' content='ocr_page ocr_carea ocr_par ocr_line ocrx_word'/>
</head>
<body>
  <div class='ocr_page' id='page_1' title='image "./letteradicarlobo00bouc/letteradicarlobo00bouc_0302.png"; bbox 0 0 1677 2620; ppageno 0'>
   <div class='ocr_carea' id='block_1_1' title="bbox 168 69 1617 677">
    <p class='ocr_par' dir='ltr' id='par_1_1' title="bbox 775 69 989 109">
     <span class='ocr_line' id='line_1_1' title="bbox 775 69 989 109; baseline 0.005 -10"><span class='ocrx_word' id='word_1_1' title='bbox 775 90 830 99; x_wconf 84' lang='grc'>.-</span> <span class='ocrx_word' id='word_1_2' title='bbox 857 69 908 109; x_wconf 80' lang='lat'>58</span> <span class='ocrx_word' id='word_1_3' title='bbox 935 92 989 100; x_wconf 83' lang='grc'>-.</span> 
     </span>
    </p>

    <p class='ocr_par' dir='ltr' id='par_1_2' title="bbox 170 131 1594 203">
     <span class='ocr_line' id='line_1_2' title="bbox 170 131 1594 203; baseline 0.005 -21"><span class='ocrx_word' id='word_1_4' title='bbox 170 138 274 182; x_wconf 86' lang='lat' dir='ltr'>inde</span> <span class='ocrx_word' id='word_1_5' title='bbox 305 138 436 182; x_wconf 90' lang='lat' dir='ltr'>etiam</span> <span class='ocrx_word' id='word_1_6' title='bbox 469 137 639 183; x_wconf 84' lang='lat' dir='ltr'>subitae</span> <span class='ocrx_word' id='word_1_7' title='bbox 668 139 763 183; x_wconf 88' lang='lat' dir='ltr'>irae</span> <span class='ocrx_word' id='word_1_8' title='bbox 795 131 1078 198; x_wconf 83' lang='lat' dir='ltr'>Napoleonis,</span> <span class='ocrx_word' id='word_1_9' title='bbox 1104 147 1148 185; x_wconf 87' lang='lat' dir='ltr'>et</span> <span class='ocrx_word' id='word_1_10' title='bbox 1169 139 1450 188; x_wconf 85' lang='lat' dir='ltr'>Colaincurtii</span> <span class='ocrx_word' id='word_1_11' title='bbox 1484 157 1594 203; x_wconf 86' lang='lat' dir='ltr'>que-</span> 
     </span>
    </p>

    <p class='ocr_par' dir='ltr' id='par_1_3' title="bbox 170 208 1595 343">
     <span class='ocr_line' id='line_1_3' title="bbox 171 208 1595 272; baseline 0.006 -20"><span class='ocrx_word' id='word_1_12' title='bbox 171 208 400 263; x_wconf 83' lang='lat' dir='ltr'>rimoniae,</span> <span class='ocrx_word' id='word_1_13' title='bbox 435 209 510 267; x_wconf 84' lang='lat' dir='ltr'>qui</span> <span class='ocrx_word' id='word_1_14' title='bbox 543 209 635 253; x_wconf 92' lang='lat' dir='ltr'>eius</span> <span class='ocrx_word' id='word_1_15' title='bbox 667 216 814 267; x_wconf 87' lang='lat' dir='ltr'>partes</span> <span class='ocrx_word' id='word_1_16' title='bbox 847 210 890 253; x_wconf 90' lang='lat' dir='ltr'>in</span> <span class='ocrx_word' id='word_1_17' title='bbox 924 209 1227 257; x_wconf 89' lang='lat' dir='ltr'>Castilionensi</span> <span class='ocrx_word' id='word_1_18' title='bbox 1260 213 1482 272; x_wconf 90' lang='lat' dir='ltr'>colloquio</span> <span class='ocrx_word' id='word_1_19' title='bbox 1506 221 1595 262; x_wconf 81' lang='lat' dir='ltr'>tue-</span> 
     </span>
     <span class='ocr_line' id='line_1_4' title="bbox 170 279 1593 343; baseline 0.004 -20"><span class='ocrx_word' id='word_1_20' title='bbox 170 279 314 323; x_wconf 87' lang='lat' dir='ltr'>batur.</span> <span class='ocrx_word' id='word_1_21' title='bbox 340 279 427 324; x_wconf 91' lang='lat' dir='ltr'>Nec</span> <span class='ocrx_word' id='word_1_22' title='bbox 458 281 598 324; x_wconf 86' lang='lat' dir='ltr'>maior</span> <span class='ocrx_word' id='word_1_23' title='bbox 629 287 723 324; x_wconf 83' lang='lat' dir='ltr'>erat</span> <span class='ocrx_word' id='word_1_24' title='bbox 753 280 798 324; x_wconf 86' lang='lat' dir='ltr'>in</span> <span class='ocrx_word' id='word_1_25' title='bbox 830 280 1083 338; x_wconf 87' lang='lat' dir='ltr'>Napoleone</span> <span class='ocrx_word' id='word_1_26' title='bbox 1117 284 1380 337; x_wconf 86' lang='lat' dir='ltr'>constantia,</span> <span class='ocrx_word' id='word_1_27' title='bbox 1405 284 1478 343; x_wconf 91' lang='lat' dir='ltr'>qui</span> <span class='ocrx_word' id='word_1_28' title='bbox 1510 297 1593 343; x_wconf 89' lang='lat' dir='ltr'>pro</span> 
     </span>
    </p>

    <p class='ocr_par' dir='ltr' id='par_1_4' title="bbox 168 346 1592 409">
     <span class='ocr_line' id='line_1_5' title="bbox 168 346 1592 409; baseline 0.005 -17"><span class='ocrx_word' id='word_1_29' title='bbox 168 349 291 394; x_wconf 88' lang='lat' dir='ltr'>vario</span> <span class='ocrx_word' id='word_1_30' title='bbox 324 363 568 407; x_wconf 84' lang='lat' dir='ltr'>pugnarum</span> <span class='ocrx_word' id='word_1_31' title='bbox 593 351 725 404; x_wconf 88' lang='lat' dir='ltr'>exitu,</span> <span class='ocrx_word' id='word_1_32' title='bbox 752 352 903 395; x_wconf 89' lang='lat' dir='ltr'>eadem</span> <span class='ocrx_word' id='word_1_33' title='bbox 928 366 1058 409; x_wconf 81' lang='lat' dir='ltr'>saepe</span> <span class='ocrx_word' id='word_1_34' title='bbox 1084 354 1212 397; x_wconf 88' lang='lat' dir='ltr'>vellet</span> <span class='ocrx_word' id='word_1_35' title='bbox 1236 360 1278 398; x_wconf 89' lang='lat' dir='ltr'>et</span> <span class='ocrx_word' id='word_1_36' title='bbox 1299 355 1452 398; x_wconf 85' lang='lat' dir='ltr'>nollet.</span> <span class='ocrx_word' id='word_1_37' title='bbox 1477 346 1592 407; x_wconf 76' lang='lat' dir='ltr'>Qua-</span> 
     </span>
    </p>

    <p class='ocr_par' dir='ltr' id='par_1_5' title="bbox 169 421 1617 622">
     <span class='ocr_line' id='line_1_6' title="bbox 171 421 1595 479; baseline 0.004 -16"><span class='ocrx_word' id='word_1_38' title='bbox 171 427 353 478; x_wconf 89' lang='lat' dir='ltr'>propter</span> <span class='ocrx_word' id='word_1_39' title='bbox 384 435 479 464; x_wconf 92' lang='lat' dir='ltr'>cum</span> <span class='ocrx_word' id='word_1_40' title='bbox 515 421 645 464; x_wconf 83' lang='lat' dir='ltr'>verba</span> <span class='ocrx_word' id='word_1_41' title='bbox 676 421 883 479; x_wconf 88' lang='lat' dir='ltr'>utrinque</span> <span class='ocrx_word' id='word_1_42' title='bbox 908 421 1134 477; x_wconf 80' lang='lat' dir='ltr'>darentur,</span> <span class='ocrx_word' id='word_1_43' title='bbox 1160 423 1268 468; x_wconf 87' lang='lat' dir='ltr'>fides</span> <span class='ocrx_word' id='word_1_44' title='bbox 1293 424 1480 478; x_wconf 86' lang='lat' dir='ltr'>abesset,</span> <span class='ocrx_word' id='word_1_45' title='bbox 1503 438 1595 470; x_wconf 87' lang='lat' dir='ltr'>mu-</span> 
     </span>
     <span class='ocr_line' id='line_1_7' title="bbox 170 491 1617 552; baseline 0.006 -19"><span class='ocrx_word' id='word_1_46' title='bbox 170 497 246 534; x_wconf 82' lang='lat' dir='ltr'>tua</span> <span class='ocrx_word' id='word_1_47' title='bbox 264 491 461 535; x_wconf 82' lang='lat' dir='ltr'>satietate</span> <span class='ocrx_word' id='word_1_48' title='bbox 479 496 720 536; x_wconf 83' lang='lat' dir='ltr'>conventus</span> <span class='ocrx_word' id='word_1_49' title='bbox 738 493 948 537; x_wconf 89' lang='lat' dir='ltr'>diremtus</span> <span class='ocrx_word' id='word_1_50' title='bbox 967 501 1048 547; x_wconf 88' lang='lat' dir='ltr'>est,</span> <span class='ocrx_word' id='word_1_51' title='bbox 1071 495 1296 540; x_wconf 83' lang='lat' dir='ltr'>dictitante</span> <span class='ocrx_word' id='word_1_52' title='bbox 1318 494 1592 552; x_wconf 85' lang='lat' dir='ltr'>Napoleone‚</span> <span class='ocrx_word' id='word_1_53' title='bbox 1615 530 1617 533; x_wconf 84' lang='lat'>-</span> 
     </span>
     <span class='ocr_line' id='line_1_8' title="bbox 169 555 1585 622; baseline 0.005 -18"><span class='ocrx_word' id='word_1_54' title='bbox 169 561 299 606; x_wconf 87' lang='lat' dir='ltr'>malle</span> <span class='ocrx_word' id='word_1_55' title='bbox 342 576 387 606; x_wconf 90' lang='lat' dir='ltr'>se</span> <span class='ocrx_word' id='word_1_56' title='bbox 429 562 596 606; x_wconf 80' lang='lat' dir='ltr'>incerto</span> <span class='ocrx_word' id='word_1_57' title='bbox 640 562 782 616; x_wconf 86' lang='lat' dir='ltr'>Marti,</span> <span class='ocrx_word' id='word_1_58' title='bbox 828 577 959 621; x_wconf 88' lang='lat' dir='ltr'>quam</span> <span class='ocrx_word' id='word_1_59' title='bbox 1004 564 1212 622; x_wconf 76' lang='lat' dir='ltr'>aequitati</span> <span class='ocrx_word' id='word_1_60' title='bbox 1263 555 1585 611; x_wconf 75' lang='lat' dir='ltr'>foederatorum</span> 
     </span>
    </p>

    <p class='ocr_par' dir='ltr' id='par_1_6' title="bbox 171 633 462 677">
     <span class='ocr_line' id='line_1_9' title="bbox 171 633 462 677; baseline 0.007 -2"><span class='ocrx_word' id='word_1_61' title='bbox 171 633 462 677; x_wconf 79' lang='lat' dir='ltr'>committere.</span> 
     </span>
    </p>
   </div>
   <div class='ocr_carea' id='block_1_2' title="bbox 155 912 1598 2450">
    <p class='ocr_par' dir='ltr' id='par_1_7' title="bbox 155 912 1598 2450">
     <span class='ocr_line' id='line_1_10' title="bbox 232 912 1598 975; baseline 0.004 -20"><span class='ocrx_word' id='word_1_62' title='bbox 232 912 419 957; x_wconf 88' lang='lat' dir='ltr'>Ultimus</span> <span class='ocrx_word' id='word_1_63' title='bbox 434 927 590 971; x_wconf 89' lang='lat' dir='ltr'>nempe</span> <span class='ocrx_word' id='word_1_64' title='bbox 612 915 684 958; x_wconf 88' lang='lat' dir='ltr'>hic</span> <span class='ocrx_word' id='word_1_65' title='bbox 710 922 830 959; x_wconf 87' lang='lat' dir='ltr'>actus</span> <span class='ocrx_word' id='word_1_66' title='bbox 851 915 984 960; x_wconf 85' lang='lat' dir='ltr'>totius</span> <span class='ocrx_word' id='word_1_67' title='bbox 1001 915 1103 959; x_wconf 87' lang='lat' dir='ltr'>belli</span> <span class='ocrx_word' id='word_1_68' title='bbox 1129 916 1222 960; x_wconf 87' lang='lat' dir='ltr'>suit.</span> <span class='ocrx_word' id='word_1_69' title='bbox 1252 916 1417 961; x_wconf 76' lang='lat' dir='ltr'>Relicta</span> <span class='ocrx_word' id='word_1_70' title='bbox 1437 916 1598 975; x_wconf 84' lang='lat' dir='ltr'>Sequa·</span> 
     </span>
     <span class='ocr_line' id='line_1_11' title="bbox 172 983 1595 1045; baseline 0.004 -20"><span class='ocrx_word' id='word_1_71' title='bbox 172 995 255 1026; x_wconf 88' lang='lat' dir='ltr'>nae</span> <span class='ocrx_word' id='word_1_72' title='bbox 280 983 364 1036; x_wconf 87' lang='lat' dir='ltr'>via,</span> <span class='ocrx_word' id='word_1_73' title='bbox 390 998 415 1028; x_wconf 81' lang='lat' dir='ltr'>a</span> <span class='ocrx_word' id='word_1_74' title='bbox 438 985 538 1028; x_wconf 88' lang='lat' dir='ltr'>sano</span> <span class='ocrx_word' id='word_1_75' title='bbox 562 984 774 1029; x_wconf 87' lang='lat' dir='ltr'>Desiderii</span> <span class='ocrx_word' id='word_1_76' title='bbox 801 988 1175 1042; x_wconf 83' lang='lat' dir='ltr'>Augustobonam‚</span> <span class='ocrx_word' id='word_1_77' title='bbox 1203 987 1390 1045; x_wconf 83' lang='lat' dir='ltr'>indeque</span> <span class='ocrx_word' id='word_1_78' title='bbox 1423 986 1595 1045; x_wconf 83' lang='lat' dir='ltr'>magnis</span> 
     </span>
     <span class='ocr_line' id='line_1_12' title="bbox 172 1051 1598 1115; baseline 0.004 -20"><span class='ocrx_word' id='word_1_79' title='bbox 172 1051 406 1098; x_wconf 77' lang='lat' dir='ltr'>itineribus</span> <span class='ocrx_word' id='word_1_80' title='bbox 428 1053 775 1104; x_wconf 86' lang='lat' dir='ltr'>Frumentariam</span> <span class='ocrx_word' id='word_1_81' title='bbox 801 1064 954 1100; x_wconf 78' lang='lat' dir='ltr'>octavo</span> <span class='ocrx_word' id='word_1_82' title='bbox 974 1057 1027 1100; x_wconf 89' lang='lat' dir='ltr'>ab</span> <span class='ocrx_word' id='word_1_83' title='bbox 1047 1057 1153 1100; x_wconf 88' lang='lat' dir='ltr'>urbe</span> <span class='ocrx_word' id='word_1_84' title='bbox 1171 1057 1318 1114; x_wconf 84' lang='lat' dir='ltr'>lapide</span> <span class='ocrx_word' id='word_1_85' title='bbox 1339 1063 1598 1115; x_wconf 80' lang='lat' dir='ltr'>pervenerat</span> 
     </span>
     <span class='ocr_line' id='line_1_13' title="bbox 155 1121 1596 1184; baseline 0.003 -19"><span class='ocrx_word' id='word_1_86' title='bbox 155 1121 384 1180; x_wconf 82' lang='lat' dir='ltr'>&#39;Napoleo,</span> <span class='ocrx_word' id='word_1_87' title='bbox 409 1139 540 1181; x_wconf 87' lang='lat' dir='ltr'>quum</span> <span class='ocrx_word' id='word_1_88' title='bbox 564 1139 665 1170; x_wconf 90' lang='lat' dir='ltr'>ecce</span> <span class='ocrx_word' id='word_1_89' title='bbox 684 1141 707 1170; x_wconf 87' lang='lat' dir='ltr'>a</span> <span class='ocrx_word' id='word_1_90' title='bbox 727 1127 917 1184; x_wconf 78' lang='lat' dir='ltr'>fugitivis</span> <span class='ocrx_word' id='word_1_91' title='bbox 935 1128 1113 1170; x_wconf 82' lang='lat' dir='ltr'>rhedam</span> <span class='ocrx_word' id='word_1_92' title='bbox 1133 1127 1518 1172; x_wconf 78' lang='lat' dir='ltr'>circumstantibus</span> <span class='ocrx_word' id='word_1_93' title='bbox 1540 1127 1596 1172; x_wconf 70' lang='lat' dir='ltr'>al*-</span> 
     </span>
     <span class='ocr_line' id='line_1_14' title="bbox 173 1193 1594 1255; baseline 0.004 -20"><span class='ocrx_word' id='word_1_94' title='bbox 173 1193 309 1236; x_wconf 83' lang='lat' dir='ltr'>fertur</span> <span class='ocrx_word' id='word_1_95' title='bbox 332 1207 427 1237; x_wconf 90' lang='lat' dir='ltr'>eam</span> <span class='ocrx_word' id='word_1_96' title='bbox 453 1195 493 1238; x_wconf 90' lang='lat' dir='ltr'>in</span> <span class='ocrx_word' id='word_1_97' title='bbox 518 1196 707 1239; x_wconf 84' lang='lat' dir='ltr'>hostium</span> <span class='ocrx_word' id='word_1_98' title='bbox 726 1211 821 1241; x_wconf 84' lang='lat' dir='ltr'>esse</span> <span class='ocrx_word' id='word_1_99' title='bbox 840 1204 1073 1255; x_wconf 79' lang='lat' dir='ltr'>potestate.</span> <span class='ocrx_word' id='word_1_100' title='bbox 1098 1196 1294 1241; x_wconf 81' lang='lat' dir='ltr'>Incertus</span> <span class='ocrx_word' id='word_1_101' title='bbox 1312 1211 1460 1242; x_wconf 90' lang='lat' dir='ltr'>rumor</span> <span class='ocrx_word' id='word_1_102' title='bbox 1481 1202 1594 1251; x_wconf 86' lang='lat' dir='ltr'>erat,</span> 
     </span>
     <span class='ocr_line' id='line_1_15' title="bbox 172 1262 1597 1326; baseline 0.004 -20"><span class='ocrx_word' id='word_1_103' title='bbox 172 1262 242 1306; x_wconf 88' lang='lat' dir='ltr'>cui</span> <span class='ocrx_word' id='word_1_104' title='bbox 266 1270 409 1308; x_wconf 87' lang='lat' dir='ltr'>tamen</span> <span class='ocrx_word' id='word_1_105' title='bbox 435 1266 757 1323; x_wconf 84' lang='lat' dir='ltr'>oppidanorum</span> <span class='ocrx_word' id='word_1_106' title='bbox 782 1274 924 1311; x_wconf 89' lang='lat' dir='ltr'>terror</span> <span class='ocrx_word' id='word_1_107' title='bbox 946 1267 1075 1311; x_wconf 79' lang='lat' dir='ltr'>iidem</span> <span class='ocrx_word' id='word_1_108' title='bbox 1098 1267 1299 1320; x_wconf 84' lang='lat' dir='ltr'>faciebat;</span> <span class='ocrx_word' id='word_1_109' title='bbox 1327 1273 1597 1326; x_wconf 84' lang='lat' dir='ltr'>quapropter</span> 
     </span>
     <span class='ocr_line' id='line_1_16' title="bbox 173 1334 1592 1396; baseline 0.005 -21"><span class='ocrx_word' id='word_1_110' title='bbox 173 1346 270 1376; x_wconf 89' lang='lat' dir='ltr'>cum</span> <span class='ocrx_word' id='word_1_111' title='bbox 301 1334 386 1378; x_wconf 86' lang='lat' dir='ltr'>iam</span> <span class='ocrx_word' id='word_1_112' title='bbox 422 1336 823 1394; x_wconf 77' lang='lat' dir='ltr'>advesperasceret,</span> <span class='ocrx_word' id='word_1_113' title='bbox 855 1346 897 1382; x_wconf 88' lang='lat' dir='ltr'>et</span> <span class='ocrx_word' id='word_1_114' title='bbox 932 1337 1025 1396; x_wconf 86' lang='lat' dir='ltr'>ipse</span> <span class='ocrx_word' id='word_1_115' title='bbox 1059 1345 1143 1380; x_wconf 86' lang='lat' dir='ltr'>tam</span> <span class='ocrx_word' id='word_1_116' title='bbox 1175 1352 1307 1395; x_wconf 83' lang='lat' dir='ltr'>parvo</span> <span class='ocrx_word' id='word_1_117' title='bbox 1345 1337 1592 1394; x_wconf 87' lang='lat' dir='ltr'>intervallo,</span> 
     </span>
     <span class='ocr_line' id='line_1_17' title="bbox 174 1403 1592 1466; baseline 0.006 -21"><span class='ocrx_word' id='word_1_118' title='bbox 174 1403 294 1447; x_wconf 88' lang='lat' dir='ltr'>nullo</span> <span class='ocrx_word' id='word_1_119' title='bbox 332 1406 467 1448; x_wconf 85' lang='lat' dir='ltr'>ferme</span> <span class='ocrx_word' id='word_1_120' title='bbox 503 1407 728 1461; x_wconf 75' lang='lat' dir='ltr'>comitatu,</span> <span class='ocrx_word' id='word_1_121' title='bbox 767 1408 820 1451; x_wconf 82' lang='lat' dir='ltr'>ab</span> <span class='ocrx_word' id='word_1_122' title='bbox 856 1409 1054 1452; x_wconf 74' lang='lat' dir='ltr'>hostibus</span> <span class='ocrx_word' id='word_1_123' title='bbox 1090 1408 1592 1466; x_wconf 85' lang='lat' dir='ltr'>abesset,Bellaqueam,</span> 
     </span>
     <span class='ocr_line' id='line_1_18' title="bbox 174 1477 1595 1536; baseline 0.004 -20"><span class='ocrx_word' id='word_1_124' title='bbox 174 1482 377 1530; x_wconf 87' lang='lat' dir='ltr'>pervetus</span> <span class='ocrx_word' id='word_1_125' title='bbox 422 1490 572 1532; x_wconf 79' lang='lat' dir='ltr'>regum</span> <span class='ocrx_word' id='word_1_126' title='bbox 602 1479 842 1531; x_wconf 86' lang='lat' dir='ltr'>castellum,</span> <span class='ocrx_word' id='word_1_127' title='bbox 879 1479 1071 1530; x_wconf 87' lang='lat' dir='ltr'>revertit,</span> <span class='ocrx_word' id='word_1_128' title='bbox 1111 1478 1182 1521; x_wconf 88' lang='lat' dir='ltr'>ubi</span> <span class='ocrx_word' id='word_1_129' title='bbox 1222 1485 1265 1522; x_wconf 91' lang='lat' dir='ltr'>et</span> <span class='ocrx_word' id='word_1_130' title='bbox 1299 1491 1389 1522; x_wconf 88' lang='lat' dir='ltr'>rem</span> <span class='ocrx_word' id='word_1_131' title='bbox 1422 1477 1595 1536; x_wconf 85' lang='lat' dir='ltr'>plenius</span> 
     </span>
     <span class='ocr_line' id='line_1_19' title="bbox 172 1544 1592 1606; baseline 0.004 -20"><span class='ocrx_word' id='word_1_132' title='bbox 172 1544 371 1598; x_wconf 82' lang='lat' dir='ltr'>resciret,</span> <span class='ocrx_word' id='word_1_133' title='bbox 394 1552 435 1589; x_wconf 85' lang='lat' dir='ltr'>et</span> <span class='ocrx_word' id='word_1_134' title='bbox 454 1560 657 1591; x_wconf 81' lang='lat' dir='ltr'>numeros</span> <span class='ocrx_word' id='word_1_135' title='bbox 677 1549 802 1605; x_wconf 75' lang='lat' dir='ltr'>longe</span> <span class='ocrx_word' id='word_1_136' title='bbox 824 1557 922 1606; x_wconf 83' lang='lat' dir='ltr'>post</span> <span class='ocrx_word' id='word_1_137' title='bbox 943 1563 985 1592; x_wconf 78' lang='lat' dir='ltr'>se</span> <span class='ocrx_word' id='word_1_138' title='bbox 1003 1549 1194 1602; x_wconf 73' lang='lat' dir='ltr'>relictOS,</span> <span class='ocrx_word' id='word_1_139' title='bbox 1217 1555 1365 1606; x_wconf 84' lang='lat' dir='ltr'>posset</span> <span class='ocrx_word' id='word_1_140' title='bbox 1383 1547 1592 1606; x_wconf 85' lang='lat' dir='ltr'>opperiri.</span> 
     </span>
     <span class='ocr_line' id='line_1_20' title="bbox 176 1613 1596 1675; baseline 0.004 -19"><span class='ocrx_word' id='word_1_141' title='bbox 176 1613 359 1658; x_wconf 84' lang='lat' dir='ltr'>Postero</span> <span class='ocrx_word' id='word_1_142' title='bbox 410 1616 480 1659; x_wconf 90' lang='lat' dir='ltr'>die</span> <span class='ocrx_word' id='word_1_143' title='bbox 520 1631 648 1674; x_wconf 88' lang='lat' dir='ltr'>quam</span> <span class='ocrx_word' id='word_1_144' title='bbox 690 1626 881 1671; x_wconf 78' lang='lat' dir='ltr'>venerat,</span> <span class='ocrx_word' id='word_1_145' title='bbox 921 1619 992 1661; x_wconf 84' lang='lat' dir='ltr'>alii</span> <span class='ocrx_word' id='word_1_146' title='bbox 1031 1633 1162 1675; x_wconf 88' lang='lat' dir='ltr'>super</span> <span class='ocrx_word' id='word_1_147' title='bbox 1195 1619 1302 1661; x_wconf 86' lang='lat' dir='ltr'>alios</span> <span class='ocrx_word' id='word_1_148' title='bbox 1334 1618 1473 1662; x_wconf 89' lang='lat' dir='ltr'>nuntii</span> <span class='ocrx_word' id='word_1_149' title='bbox 1503 1631 1596 1662; x_wconf 86' lang='lat' dir='ltr'>rem</span> 
     </span>
     <span class='ocr_line' id='line_1_21' title="bbox 175 1685 1594 1745; baseline 0.004 -19"><span class='ocrx_word' id='word_1_150' title='bbox 175 1685 451 1729; x_wconf 81' lang='lat' dir='ltr'>confirmant.</span> <span class='ocrx_word' id='word_1_151' title='bbox 489 1686 558 1730; x_wconf 87' lang='lat' dir='ltr'>Sic</span> <span class='ocrx_word' id='word_1_152' title='bbox 582 1702 713 1745; x_wconf 88' lang='lat' dir='ltr'>porro</span> <span class='ocrx_word' id='word_1_153' title='bbox 739 1689 989 1732; x_wconf 81' lang='lat' dir='ltr'>narrabant.</span> <span class='ocrx_word' id='word_1_154' title='bbox 1029 1705 1045 1730; x_wconf 72' lang='grc' dir='ltr'>α</span> <span class='ocrx_word' id='word_1_155' title='bbox 1069 1688 1371 1732; x_wconf 86' lang='lat' dir='ltr'>Marmontium</span> <span class='ocrx_word' id='word_1_156' title='bbox 1406 1695 1448 1732; x_wconf 92' lang='lat' dir='ltr'>et</span> <span class='ocrx_word' id='word_1_157' title='bbox 1479 1686 1594 1732; x_wconf 88' lang='lat' dir='ltr'>Mor·</span> 
     </span>
     <span class='ocr_line' id='line_1_22' title="bbox 177 1754 1596 1815; baseline 0.004 -19"><span class='ocrx_word' id='word_1_158' title='bbox 177 1754 366 1808; x_wconf 88' lang='lat' dir='ltr'>tierium‚</span> <span class='ocrx_word' id='word_1_159' title='bbox 393 1757 464 1815; x_wconf 87' lang='lat' dir='ltr'>qui</span> <span class='ocrx_word' id='word_1_160' title='bbox 490 1758 671 1802; x_wconf 79' lang='lat' dir='ltr'>adverso</span> <span class='ocrx_word' id='word_1_161' title='bbox 692 1758 825 1802; x_wconf 83' lang='lat' dir='ltr'>Marte</span> <span class='ocrx_word' id='word_1_162' title='bbox 850 1760 901 1803; x_wconf 84' lang='lat' dir='ltr'>ad</span> <span class='ocrx_word' id='word_1_163' title='bbox 928 1759 1196 1803; x_wconf 82' lang='lat' dir='ltr'>Firmitatcm</span> <span class='ocrx_word' id='word_1_164' title='bbox 1220 1758 1331 1802; x_wconf 84' lang='lat' dir='ltr'>ultra</span> <span class='ocrx_word' id='word_1_165' title='bbox 1354 1757 1596 1802; x_wconf 85' lang='lat' dir='ltr'>Matronam</span> 
     </span>
     <span class='ocr_line' id='line_1_23' title="bbox 173 1827 1596 1886; baseline 0.003 -17"><span class='ocrx_word' id='word_1_166' title='bbox 173 1834 490 1882; x_wconf 80' lang='lat' dir='ltr'>pugnaverant,</span> <span class='ocrx_word' id='word_1_167' title='bbox 516 1843 595 1886; x_wconf 87' lang='lat' dir='ltr'>per</span> <span class='ocrx_word' id='word_1_168' title='bbox 618 1831 837 1874; x_wconf 84' lang='lat' dir='ltr'>consertos</span> <span class='ocrx_word' id='word_1_169' title='bbox 878 1830 1164 1873; x_wconf 87' lang='lat' dir='ltr'>Borussorum</span> <span class='ocrx_word' id='word_1_170' title='bbox 1201 1829 1378 1873; x_wconf 86' lang='lat' dir='ltr'>ordines</span> <span class='ocrx_word' id='word_1_171' title='bbox 1404 1827 1596 1873; x_wconf 84' lang='lat' dir='ltr'>Parisios</span> 
     </span>
     <span class='ocr_line' id='line_1_24' title="bbox 173 1896 1594 1955; baseline 0.005 -19"><span class='ocrx_word' id='word_1_172' title='bbox 173 1896 429 1950; x_wconf 80' lang='lat' dir='ltr'>evolavisse,</span> <span class='ocrx_word' id='word_1_173' title='bbox 464 1900 536 1942; x_wconf 89' lang='lat' dir='ltr'>sed</span> <span class='ocrx_word' id='word_1_174' title='bbox 569 1901 721 1953; x_wconf 84' lang='lat' dir='ltr'>serius,</span> <span class='ocrx_word' id='word_1_175' title='bbox 762 1915 858 1944; x_wconf 82' lang='lat' dir='ltr'>cum</span> <span class='ocrx_word' id='word_1_176' title='bbox 898 1901 955 1943; x_wconf 85' lang='lat' dir='ltr'>ibi</span> <span class='ocrx_word' id='word_1_177' title='bbox 1001 1900 1085 1943; x_wconf 81' lang='lat' dir='ltr'>iam</span> <span class='ocrx_word' id='word_1_178' title='bbox 1121 1898 1594 1955; x_wconf 76' lang='lat' dir='ltr'>Scliwartzembergius</span> 
     </span>
     <span class='ocr_line' id='line_1_25' title="bbox 173 1967 1594 2027; baseline 0.004 -20"><span class='ocrx_word' id='word_1_179' title='bbox 173 1979 271 2008; x_wconf 90' lang='lat' dir='ltr'>cum</span> <span class='ocrx_word' id='word_1_180' title='bbox 295 1967 435 2023; x_wconf 88' lang='lat' dir='ltr'>primo</span> <span class='ocrx_word' id='word_1_181' title='bbox 459 1970 630 2025; x_wconf 77' lang='lat' dir='ltr'>agmine</span> <span class='ocrx_word' id='word_1_182' title='bbox 655 1971 841 2014; x_wconf 84' lang='lat' dir='ltr'>adesset.</span> <span class='ocrx_word' id='word_1_183' title='bbox 879 1969 1240 2015; x_wconf 85' lang='lat' dir='ltr'>Destinatissimis</span> <span class='ocrx_word' id='word_1_184' title='bbox 1268 1969 1469 2027; x_wconf 88' lang='lat' dir='ltr'>utrinque</span> <span class='ocrx_word' id='word_1_185' title='bbox 1499 1969 1594 2013; x_wconf 82' lang='lat' dir='ltr'>ani-</span> 
     </span>
     <span class='ocr_line' id='line_1_26' title="bbox 174 2035 1596 2097; baseline 0.005 -20"><span class='ocrx_word' id='word_1_186' title='bbox 174 2035 256 2078; x_wconf 86' lang='lat' dir='ltr'>mis</span> <span class='ocrx_word' id='word_1_187' title='bbox 280 2037 331 2079; x_wconf 89' lang='lat' dir='ltr'>ad</span> <span class='ocrx_word' id='word_1_188' title='bbox 356 2038 477 2082; x_wconf 82' lang='lat' dir='ltr'>urbis</span> <span class='ocrx_word' id='word_1_189' title='bbox 501 2042 768 2084; x_wconf 84' lang='lat' dir='ltr'>munimenta</span> <span class='ocrx_word' id='word_1_190' title='bbox 792 2042 1041 2084; x_wconf 83' lang='lat' dir='ltr'>dimicatum</span> <span class='ocrx_word' id='word_1_191' title='bbox 1072 2054 1180 2093; x_wconf 87' lang='lat' dir='ltr'>essc;</span> <span class='ocrx_word' id='word_1_192' title='bbox 1209 2041 1252 2083; x_wconf 89' lang='lat' dir='ltr'>in</span> <span class='ocrx_word' id='word_1_193' title='bbox 1275 2039 1428 2097; x_wconf 86' lang='lat' dir='ltr'>primis</span> <span class='ocrx_word' id='word_1_194' title='bbox 1451 2045 1596 2084; x_wconf 87' lang='lat' dir='ltr'>autem</span> 
     </span>
     <span class='ocr_line' id='line_1_27' title="bbox 174 2105 1594 2168; baseline 0.005 -22"><span class='ocrx_word' id='word_1_195' title='bbox 174 2105 377 2150; x_wconf 89' lang='lat' dir='ltr'>virtutem</span> <span class='ocrx_word' id='word_1_196' title='bbox 401 2109 608 2153; x_wconf 84' lang='lat' dir='ltr'>enituisse</span> <span class='ocrx_word' id='word_1_197' title='bbox 632 2111 818 2155; x_wconf 82' lang='lat' dir='ltr'>Gallicae</span> <span class='ocrx_word' id='word_1_198' title='bbox 860 2112 1109 2164; x_wconf 80' lang='lat' dir='ltr'>iuventutis,</span> <span class='ocrx_word' id='word_1_199' title='bbox 1137 2125 1247 2168; x_wconf 86' lang='lat' dir='ltr'>quae</span> <span class='ocrx_word' id='word_1_200' title='bbox 1284 2111 1337 2155; x_wconf 86' lang='lat' dir='ltr'>ab</span> <span class='ocrx_word' id='word_1_201' title='bbox 1372 2109 1594 2154; x_wconf 76' lang='lat' dir='ltr'>umbratili</span> 
     </span>
     <span class='ocr_line' id='line_1_28' title="bbox 172 2174 1591 2240; baseline 0.006 -22"><span class='ocrx_word' id='word_1_202' title='bbox 172 2174 483 2235; x_wconf 81' lang='lat' dir='ltr'>disciplinarei</span> <span class='ocrx_word' id='word_1_203' title='bbox 508 2181 705 2225; x_wconf 89' lang='lat' dir='ltr'>militaris</span> <span class='ocrx_word' id='word_1_204' title='bbox 733 2189 832 2227; x_wconf 82' lang='lat' dir='ltr'>tunc</span> <span class='ocrx_word' id='word_1_205' title='bbox 866 2183 1049 2240; x_wconf 84' lang='lat' dir='ltr'>primum</span> <span class='ocrx_word' id='word_1_206' title='bbox 1084 2183 1126 2225; x_wconf 88' lang='lat' dir='ltr'>iu</span> <span class='ocrx_word' id='word_1_207' title='bbox 1160 2183 1380 2240; x_wconf 86' lang='lat' dir='ltr'>pulverem</span> <span class='ocrx_word' id='word_1_208' title='bbox 1417 2181 1591 2234; x_wconf 81' lang='lat' dir='ltr'>educta,</span> 
     </span>
     <span class='ocr_line' id='line_1_29' title="bbox 175 2245 1593 2310; baseline 0.006 -23"><span class='ocrx_word' id='word_1_209' title='bbox 175 2245 288 2290; x_wconf 88' lang='lat' dir='ltr'>inter</span> <span class='ocrx_word' id='word_1_210' title='bbox 312 2247 570 2294; x_wconf 81' lang='lat' dir='ltr'>obtruncata</span> <span class='ocrx_word' id='word_1_211' title='bbox 608 2266 809 2310; x_wconf 83' lang='lat' dir='ltr'>corpora,</span> <span class='ocrx_word' id='word_1_212' title='bbox 835 2254 1108 2297; x_wconf 79' lang='lat' dir='ltr'>conclamata</span> <span class='ocrx_word' id='word_1_213' title='bbox 1148 2267 1239 2310; x_wconf 89' lang='lat' dir='ltr'>spe,</span> <span class='ocrx_word' id='word_1_214' title='bbox 1266 2251 1496 2296; x_wconf 84' lang='lat' dir='ltr'>occidione</span> <span class='ocrx_word' id='word_1_215' title='bbox 1518 2264 1593 2295; x_wconf 88' lang='lat' dir='ltr'>oc-</span> 
     </span>
     <span class='ocr_line' id='line_1_30' title="bbox 173 2315 1591 2377; baseline 0.006 -19"><span class='ocrx_word' id='word_1_216' title='bbox 173 2315 260 2359; x_wconf 89' lang='lat' dir='ltr'>cidi</span> <span class='ocrx_word' id='word_1_217' title='bbox 297 2332 425 2375; x_wconf 80' lang='lat' dir='ltr'>qnnm</span> <span class='ocrx_word' id='word_1_218' title='bbox 466 2322 619 2377; x_wconf 87' lang='lat' dir='ltr'>pedem</span> <span class='ocrx_word' id='word_1_219' title='bbox 656 2325 815 2367; x_wconf 73' lang='lat' dir='ltr'>referre</span> <span class='ocrx_word' id='word_1_220' title='bbox 850 2324 1097 2374; x_wconf 82' lang='lat' dir='ltr'>maluisset;</span> <span class='ocrx_word' id='word_1_221' title='bbox 1137 2323 1188 2366; x_wconf 85' lang='lat' dir='ltr'>ad</span> <span class='ocrx_word' id='word_1_222' title='bbox 1226 2329 1483 2375; x_wconf 87' lang='lat' dir='ltr'>extremum,</span> <span class='ocrx_word' id='word_1_223' title='bbox 1519 2333 1591 2366; x_wconf 84' lang='lat' dir='ltr'>su-</span> 
     </span>
     <span class='ocr_line' id='line_1_31' title="bbox 173 2389 1592 2450; baseline 0.006 -22"><span class='ocrx_word' id='word_1_224' title='bbox 173 2395 354 2440; x_wconf 84' lang='lat' dir='ltr'>perante</span> <span class='ocrx_word' id='word_1_225' title='bbox 379 2389 462 2433; x_wconf 80' lang='lat' dir='ltr'>iani</span> <span class='ocrx_word' id='word_1_226' title='bbox 493 2391 652 2450; x_wconf 82' lang='lat' dir='ltr'>ubique</span> <span class='ocrx_word' id='word_1_227' title='bbox 692 2395 879 2437; x_wconf 81' lang='lat' dir='ltr'>hostiurn</span> <span class='ocrx_word' id='word_1_228' title='bbox 912 2393 1204 2447; x_wconf 86' lang='lat' dir='ltr'>multitudine,</span> <span class='ocrx_word' id='word_1_229' title='bbox 1246 2393 1299 2436; x_wconf 87' lang='lat' dir='ltr'>de</span> <span class='ocrx_word' id='word_1_230' title='bbox 1336 2391 1456 2436; x_wconf 88' lang='lat' dir='ltr'>urbis</span> <span class='ocrx_word' id='word_1_231' title='bbox 1487 2390 1592 2436; x_wconf 83' lang='lat' dir='ltr'>red-</span> 
     </span>
    </p>
   </div>
  </div>
 </body>
</html>
