1677 2620
537 200 800 254 CAESARI
850 204 1114 255 SALVTH)

768 355 811 385 V.
848 355 891 385 Α.

435 473 714 526 CAROLVS
766 475 1216 528 BOVCHERONVS

726 615 761 655 S.
792 617 836 656 P.
867 617 913 656 D.

167 874 493 933 Saepenumero
526 876 570 919 in
595 884 636 920 te
666 878 856 932 intuens,
884 877 1043 923 Caesar
1075 879 1231 934 Saluti,
1266 895 1538 940 magnopere

107 945 272 1003 optavi,
299 952 346 989 ut
369 947 546 1004 aliquod
577 954 768 992 exstaret
801 949 1102 993 testimonium
1132 951 1294 996 amoris
1318 959 1361 996 et
1383 952 1535 997 obser-

105 1018 278 1062 vantiae
312 1031 418 1074 erga
451 1026 490 1061 te
521 1032 661 1063 meae.
697 1019 772 1063 Cui
806 1020 923 1065 enim
957 1021 999 1064 id
1033 1022 1174 1079 magis
1206 1023 1365 1077 debeo,
1405 1037 1535 1082 quam

105 1088 203 1139 tibi,
228 1103 357 1147 quem
380 1096 504 1147 pater
525 1104 648 1134 meus
671 1090 882 1149 singulari
905 1093 1174 1137 humanitate
1198 1100 1270 1137 tua
1291 1101 1532 1152 permotus,

103 1159 167 1203 sic
189 1160 371 1204 laudare
395 1161 581 1215 solebat,
608 1169 654 1205 ut
677 1162 842 1206 diceret
868 1170 907 1207 te
932 1164 1111 1208 omnino
1136 1165 1341 1222 ignorare
1363 1165 1534 1212 facilius

105 1244 218 1285 esse,
255 1245 386 1290 quam
419 1232 551 1277 semel
585 1235 809 1289 cognitum
845 1249 935 1278 non
969 1235 1144 1292 penitus
1179 1236 1360 1280 amare?
1391 1237 1445 1280 Et
1465 1236 1533 1281 hi-

104 1302 288 1347 storicas
342 1303 519 1361 quidem
561 1318 763 1349 acroases
807 1306 886 1349 tibi
932 1306 1192 1364 iampridem
1233 1321 1531 1366 seposueram,

104 1373 381 1418 amicissimis
423 1376 602 1419 auribus
641 1391 664 1419 a
708 1384 749 1420 te
793 1378 979 1435 carptim
1032 1385 1259 1436 exceptas;
1305 1379 1381 1423 sed
1434 1393 1532 1425 cum

102 1451 285 1502 propter
317 1448 656 1504 extemporalem
692 1449 865 1492 dicendi
901 1450 1183 1504 celeritatem,
1209 1450 1406 1516 ultimam
1437 1465 1530 1497 ma-

102 1530 207 1560 num
231 1516 330 1560 illae
363 1517 505 1561 adbuc
537 1519 805 1573 desiderent,
837 1520 958 1564 nolui
990 1535 1081 1564 rem
1118 1522 1301 1579 amplius
1336 1522 1527 1579 differre,

100 1587 259 1645 hisque
281 1589 606 1633 narrationibus
632 1590 714 1646 (1),
737 1604 846 1649 quae
871 1592 1073 1635 secundis
1098 1592 1212 1636 curis
1234 1605 1349 1636 nunc
1372 1593 1528 1637 iterum

101 1657 147 1701 in
190 1659 330 1702 lucem
374 1660 606 1716 prodeunt,
649 1674 810 1705 nomen
854 1668 976 1705 tuum
1015 1663 1257 1708 inscribere
1301 1663 1524 1708 constitui.

99 1727 265 1773 Avebat
286 1730 448 1788 quippe
471 1732 640 1775 animus
664 1746 759 1776 cum
784 1733 1037 1795 clarissimis
1064 1741 1103 1777 te
1125 1733 1229 1777 viris
1251 1733 1525 1789 consociare,

100 1813 286 1857 quorum
316 1801 529 1845 memoria
562 1802 818 1861 pleramque
851 1803 1076 1862 utriusque
1110 1811 1307 1848 nostrum
1341 1811 1527 1850 aetatem

98 1871 291 1927 attingit.
317 1871 393 1914 Vix
418 1872 518 1915 dum
542 1873 725 1930 primam
751 1874 1095 1918 adolescentiam
1123 1889 1294 1919 eramus
1318 1875 1524 1933 ingressi,

98 1955 230 1999 quum
266 1942 447 1986 Prioeca
471 1957 676 2001 magnum
711 1952 932 1989 certamen
957 1960 1053 1989 cum
1086 1947 1210 2003 regni
1236 1946 1438 1991 hostibus
1467 1947 1528 1991 in-

96 2011 258 2064 stituit;
295 2026 393 2057 mox
417 2015 563 2072 paullo
599 2015 837 2060 adultiores
863 2031 957 2060 eum
993 2016 1164 2060 Calusio
1189 2017 1273 2061 iam
1307 2031 1411 2062 sene
1436 2031 1526 2063 ver·

96 2083 178 2126 sati
218 2097 382 2128 sumus.
422 2085 612 2143 Uterque
650 2100 751 2130 vero
792 2088 889 2131 talis
924 2088 1082 2140 extitit,
1123 2088 1295 2146 qualem
1329 2088 1393 2132 vel
1428 2089 1524 2148 ipsa

95 2153 364 2199 laudavisset
389 2157 640 2214 antiquitas.
672 2158 719 2202 Et
748 2158 799 2202 de
827 2158 1006 2202 l‘rioeca
1031 2160 1204 2216 quidem
1229 2160 1269 2203 id
1292 2173 1524 2218 possumus

94 2224 371 2280 confirmare,
409 2227 524 2284 quod
548 2227 601 2271 de
626 2241 779 2272 socero
805 2229 955 2273 scribit
979 2230 1168 2285 Tacitus,
1195 2230 1397 2275 maluisse
1418 2243 1517 2275 eum

140 2354 188 2400 (1)
209 2354 356 2391 Scilicet
377 2356 426 2392 Dc
448 2356 612 2399 Prioeca,
635 2358 816 2393 Vei-naua
835 2363 869 2392 ot
889 2359 1070 2403 vulpeum
1090 2359 1238 2395 Calusio
1255 2360 1315 2406 (V.
1338 2369 1426 2406 paq.
1445 2359 1517 2399 2⁴5

91 2407 192 2443 delle
221 2407 443 2455 I'resazioni
469 2409 530 2445 dcl
559 2411 780 2446 Bounimon:
812 2412 1142 2457 AVVERTENZA).
