<?xml version="1.0" encoding="UTF-8"?>
<!DOCTYPE html PUBLIC "-//W3C//DTD XHTML 1.0 Transitional//EN"
    "http://www.w3.org/TR/xhtml1/DTD/xhtml1-transitional.dtd">
<html xmlns="http://www.w3.org/1999/xhtml" xml:lang="en" lang="en">
 <head>
  <title>
</title>
<meta http-equiv="Content-Type" content="text/html;charset=utf-8" />
  <meta name='ocr-system' content='tesseract 3.04.00' />
  <meta name='ocr-capabilities' content='ocr_page ocr_carea ocr_par ocr_line ocrx_word'/>
</head>
<body>
  <div class='ocr_page' id='page_1' title='image "./letteradicarlobo00bouc/letteradicarlobo00bouc_0264.png"; bbox 0 0 1677 2620; ppageno 0'>
   <div class='ocr_carea' id='block_1_1' title="bbox 799 47 1013 86">
    <p class='ocr_par' dir='ltr' id='par_1_1' title="bbox 799 47 1013 86">
     <span class='ocr_line' id='line_1_1' title="bbox 799 47 1013 86; baseline 0 -11"><span class='ocrx_word' id='word_1_1' title='bbox 799 47 1013 86; x_wconf 76' lang='lat'>-20-</span> 
     </span>
    </p>
   </div>
   <div class='ocr_carea' id='block_1_2' title="bbox 191 116 1620 888">
    <p class='ocr_par' dir='ltr' id='par_1_2' title="bbox 191 116 1620 888">
     <span class='ocr_line' id='line_1_2' title="bbox 192 116 1618 179; baseline 0.001 -17"><span class='ocrx_word' id='word_1_2' title='bbox 192 117 336 162; x_wconf 79' lang='lat' dir='ltr'>natrix</span> <span class='ocrx_word' id='word_1_3' title='bbox 358 117 432 160; x_wconf 87' lang='lat' dir='ltr'>illa</span> <span class='ocrx_word' id='word_1_4' title='bbox 454 116 630 162; x_wconf 88' lang='lat' dir='ltr'>licentia</span> <span class='ocrx_word' id='word_1_5' title='bbox 653 129 882 161; x_wconf 89' lang='lat' dir='ltr'>commune</span> <span class='ocrx_word' id='word_1_6' title='bbox 903 116 1086 161; x_wconf 87' lang='lat' dir='ltr'>haberet</span> <span class='ocrx_word' id='word_1_7' title='bbox 1107 117 1455 173; x_wconf 85' lang='lat' dir='ltr'>cumlibertate‚</span> <span class='ocrx_word' id='word_1_8' title='bbox 1487 132 1618 179; x_wconf 85' lang='lat' dir='ltr'>quam</span> 
     </span>
     <span class='ocr_line' id='line_1_3' title="bbox 193 186 1614 246; baseline 0.001 -13"><span class='ocrx_word' id='word_1_9' title='bbox 193 187 362 242; x_wconf 90' lang='lat' dir='ltr'>Graeci,</span> <span class='ocrx_word' id='word_1_10' title='bbox 398 187 600 242; x_wconf 84' lang='lat' dir='ltr'>Romani,</span> <span class='ocrx_word' id='word_1_11' title='bbox 636 187 840 241; x_wconf 87' lang='lat' dir='ltr'>Helvetii,</span> <span class='ocrx_word' id='word_1_12' title='bbox 874 186 1050 244; x_wconf 78' lang='lat' dir='ltr'>Belgae,</span> <span class='ocrx_word' id='word_1_13' title='bbox 1085 194 1308 246; x_wconf 89' lang='lat' dir='ltr'>postremo</span> <span class='ocrx_word' id='word_1_14' title='bbox 1350 188 1614 245; x_wconf 89' lang='lat' dir='ltr'>Americani,</span> 
     </span>
     <span class='ocr_line' id='line_1_4' title="bbox 192 248 1616 316; baseline 0.001 -12"><span class='ocrx_word' id='word_1_15' title='bbox 192 259 407 316; x_wconf 82' lang='lat' dir='ltr'>sanguine</span> <span class='ocrx_word' id='word_1_16' title='bbox 430 265 473 303; x_wconf 90' lang='lat' dir='ltr'>et</span> <span class='ocrx_word' id='word_1_17' title='bbox 496 258 627 303; x_wconf 88' lang='lat' dir='ltr'>armis</span> <span class='ocrx_word' id='word_1_18' title='bbox 649 257 939 316; x_wconf 68' lang='lat' dir='ltr'>paraverant?</span> <span class='ocrx_word' id='word_1_19' title='bbox 961 257 1084 311; x_wconf 89' lang='lat' dir='ltr'>Quod</span> <span class='ocrx_word' id='word_1_20' title='bbox 1107 258 1143 302; x_wconf 93' lang='lat' dir='ltr'>si</span> <span class='ocrx_word' id='word_1_21' title='bbox 1166 258 1344 304; x_wconf 89' lang='lat' dir='ltr'>libertas</span> <span class='ocrx_word' id='word_1_22' title='bbox 1366 259 1476 305; x_wconf 89' lang='lat' dir='ltr'>nihil</span> <span class='ocrx_word' id='word_1_23' title='bbox 1498 248 1616 306; x_wconf 85' lang='lat' dir='ltr'>aliud</span> 
     </span>
     <span class='ocr_line' id='line_1_5' title="bbox 192 328 1613 388; baseline 0.001 -14"><span class='ocrx_word' id='word_1_24' title='bbox 192 338 276 384; x_wconf 88' lang='lat' dir='ltr'>est,</span> <span class='ocrx_word' id='word_1_25' title='bbox 325 344 456 388; x_wconf 89' lang='lat' dir='ltr'>quam</span> <span class='ocrx_word' id='word_1_26' title='bbox 499 330 740 388; x_wconf 84' lang='lat' dir='ltr'>aequalitas</span> <span class='ocrx_word' id='word_1_27' title='bbox 782 328 940 373; x_wconf 86' lang='lat' dir='ltr'>iurium</span> <span class='ocrx_word' id='word_1_28' title='bbox 992 337 1141 375; x_wconf 87' lang='lat' dir='ltr'>sancte</span> <span class='ocrx_word' id='word_1_29' title='bbox 1182 328 1386 388; x_wconf 88' lang='lat' dir='ltr'>utrinque</span> <span class='ocrx_word' id='word_1_30' title='bbox 1426 338 1613 386; x_wconf 86' lang='lat' dir='ltr'>servata,</span> 
     </span>
     <span class='ocr_line' id='line_1_6' title="bbox 194 400 1617 461; baseline 0.001 -15"><span class='ocrx_word' id='word_1_31' title='bbox 194 415 326 461; x_wconf 89' lang='lat' dir='ltr'>quam</span> <span class='ocrx_word' id='word_1_32' title='bbox 372 401 560 446; x_wconf 84' lang='lat' dir='ltr'>difficilis</span> <span class='ocrx_word' id='word_1_33' title='bbox 602 401 785 445; x_wconf 88' lang='lat' dir='ltr'>obtentu</span> <span class='ocrx_word' id='word_1_34' title='bbox 818 414 870 445; x_wconf 88' lang='lat' dir='ltr'>ea</span> <span class='ocrx_word' id='word_1_35' title='bbox 900 400 1051 444; x_wconf 84' lang='lat' dir='ltr'>debuit</span> <span class='ocrx_word' id='word_1_36' title='bbox 1086 414 1178 446; x_wconf 88' lang='lat' dir='ltr'>esse</span> <span class='ocrx_word' id='word_1_37' title='bbox 1221 401 1266 445; x_wconf 88' lang='lat' dir='ltr'>in</span> <span class='ocrx_word' id='word_1_38' title='bbox 1304 401 1617 460; x_wconf 83' lang='lat' dir='ltr'>copiosissimis</span> 
     </span>
     <span class='ocr_line' id='line_1_7' title="bbox 191 458 1617 532; baseline 0.001 -15"><span class='ocrx_word' id='word_1_39' title='bbox 191 472 417 517; x_wconf 87' lang='lat' dir='ltr'>Insubriae</span> <span class='ocrx_word' id='word_1_40' title='bbox 450 472 712 526; x_wconf 88' lang='lat' dir='ltr'>civitatibus,</span> <span class='ocrx_word' id='word_1_41' title='bbox 747 472 824 515; x_wconf 90' lang='lat' dir='ltr'>ubi</span> <span class='ocrx_word' id='word_1_42' title='bbox 849 485 953 532; x_wconf 90' lang='lat' dir='ltr'>opes</span> <span class='ocrx_word' id='word_1_43' title='bbox 986 471 1091 516; x_wconf 89' lang='lat' dir='ltr'>vitio</span> <span class='ocrx_word' id='word_1_44' title='bbox 1123 472 1271 530; x_wconf 82' lang='lat' dir='ltr'>legum</span> <span class='ocrx_word' id='word_1_45' title='bbox 1301 473 1345 516; x_wconf 94' lang='lat' dir='ltr'>in</span> <span class='ocrx_word' id='word_1_46' title='bbox 1379 458 1617 531; x_wconf 83' lang='lat' dir='ltr'>paucorum</span> 
     </span>
     <span class='ocr_line' id='line_1_8' title="bbox 191 543 1619 603; baseline 0.002 -16"><span class='ocrx_word' id='word_1_47' title='bbox 191 544 395 588; x_wconf 86' lang='lat' dir='ltr'>manibus</span> <span class='ocrx_word' id='word_1_48' title='bbox 418 549 577 598; x_wconf 84' lang='lat' dir='ltr'>essent,</span> <span class='ocrx_word' id='word_1_49' title='bbox 610 550 755 587; x_wconf 89' lang='lat' dir='ltr'>cetera</span> <span class='ocrx_word' id='word_1_50' title='bbox 787 543 1019 588; x_wconf 85' lang='lat' dir='ltr'>multitudo</span> <span class='ocrx_word' id='word_1_51' title='bbox 1053 548 1140 589; x_wconf 89' lang='lat' dir='ltr'>tam</span> <span class='ocrx_word' id='word_1_52' title='bbox 1174 543 1352 600; x_wconf 81' lang='lat' dir='ltr'>rustica,</span> <span class='ocrx_word' id='word_1_53' title='bbox 1388 557 1517 603; x_wconf 82' lang='lat' dir='ltr'>quam</span> <span class='ocrx_word' id='word_1_54' title='bbox 1547 558 1619 590; x_wconf 82' lang='lat' dir='ltr'>ur-</span> 
     </span>
     <span class='ocr_line' id='line_1_9' title="bbox 191 613 1619 673; baseline 0.001 -15"><span class='ocrx_word' id='word_1_55' title='bbox 191 614 322 668; x_wconf 88' lang='lat' dir='ltr'>bana,</span> <span class='ocrx_word' id='word_1_56' title='bbox 358 613 572 658; x_wconf 86' lang='lat' dir='ltr'>herilibus</span> <span class='ocrx_word' id='word_1_57' title='bbox 595 613 824 672; x_wconf 83' lang='lat' dir='ltr'>stipendiis</span> <span class='ocrx_word' id='word_1_58' title='bbox 847 620 889 658; x_wconf 89' lang='lat' dir='ltr'>et</span> <span class='ocrx_word' id='word_1_59' title='bbox 910 614 1104 673; x_wconf 86' lang='lat' dir='ltr'>imperiis</span> <span class='ocrx_word' id='word_1_60' title='bbox 1128 614 1184 659; x_wconf 91' lang='lat' dir='ltr'>ob</span> <span class='ocrx_word' id='word_1_61' title='bbox 1207 620 1445 672; x_wconf 80' lang='lat' dir='ltr'>egestatem</span> <span class='ocrx_word' id='word_1_62' title='bbox 1479 629 1619 660; x_wconf 86' lang='lat' dir='ltr'>assue-</span> 
     </span>
     <span class='ocr_line' id='line_1_10' title="bbox 192 684 1620 743; baseline 0.001 -13"><span class='ocrx_word' id='word_1_63' title='bbox 192 685 366 730; x_wconf 71' lang='lat' dir='ltr'>sceret?</span> <span class='ocrx_word' id='word_1_64' title='bbox 387 685 505 729; x_wconf 85' lang='lat' dir='ltr'>Adde</span> <span class='ocrx_word' id='word_1_65' title='bbox 530 686 615 729; x_wconf 89' lang='lat' dir='ltr'>iam</span> <span class='ocrx_word' id='word_1_66' title='bbox 639 692 787 729; x_wconf 87' lang='lat' dir='ltr'>vetera</span> <span class='ocrx_word' id='word_1_67' title='bbox 809 684 985 729; x_wconf 88' lang='lat' dir='ltr'>urbium</span> <span class='ocrx_word' id='word_1_68' title='bbox 1007 685 1204 739; x_wconf 86' lang='lat' dir='ltr'>dissidia,</span> <span class='ocrx_word' id='word_1_69' title='bbox 1230 699 1341 743; x_wconf 86' lang='lat' dir='ltr'>quae</span> <span class='ocrx_word' id='word_1_70' title='bbox 1369 685 1491 731; x_wconf 86' lang='lat' dir='ltr'>brevi</span> <span class='ocrx_word' id='word_1_71' title='bbox 1514 692 1620 731; x_wconf 89' lang='lat' dir='ltr'>tem-</span> 
     </span>
     <span class='ocr_line' id='line_1_11' title="bbox 192 756 1618 816; baseline 0.001 -16"><span class='ocrx_word' id='word_1_72' title='bbox 192 770 300 815; x_wconf 88' lang='lat' dir='ltr'>pore</span> <span class='ocrx_word' id='word_1_73' title='bbox 345 756 592 814; x_wconf 87' lang='lat' dir='ltr'>consopita,</span> <span class='ocrx_word' id='word_1_74' title='bbox 627 757 671 800; x_wconf 91' lang='lat' dir='ltr'>in</span> <span class='ocrx_word' id='word_1_75' title='bbox 705 757 920 801; x_wconf 85' lang='lat' dir='ltr'>flammam</span> <span class='ocrx_word' id='word_1_76' title='bbox 966 763 1112 800; x_wconf 83' lang='lat' dir='ltr'>essent</span> <span class='ocrx_word' id='word_1_77' title='bbox 1156 762 1379 815; x_wconf 78' lang='lat' dir='ltr'>eruptura,</span> <span class='ocrx_word' id='word_1_78' title='bbox 1422 757 1458 801; x_wconf 89' lang='lat' dir='ltr'>si</span> <span class='ocrx_word' id='word_1_79' title='bbox 1495 756 1618 816; x_wconf 87' lang='lat' dir='ltr'>ipsae</span> 
     </span>
     <span class='ocr_line' id='line_1_12' title="bbox 191 828 676 888; baseline 0 -16"><span class='ocrx_word' id='word_1_80' title='bbox 191 828 276 872; x_wconf 91' lang='lat' dir='ltr'>sibi</span> <span class='ocrx_word' id='word_1_81' title='bbox 309 828 676 888; x_wconf 75' lang='lat' dir='ltr'>relinquerentur.</span> 
     </span>
    </p>
   </div>
   <div class='ocr_carea' id='block_1_3' title="bbox 185 1391 1677 2449">
    <p class='ocr_par' dir='ltr' id='par_1_3' title="bbox 185 1391 1677 2449">
     <span class='ocr_line' id='line_1_13' title="bbox 249 1391 1620 1455; baseline -0.003 -14"><span class='ocrx_word' id='word_1_82' title='bbox 249 1395 333 1441; x_wconf 87' lang='lat' dir='ltr'>Sed</span> <span class='ocrx_word' id='word_1_83' title='bbox 366 1409 559 1451; x_wconf 89' lang='lat' dir='ltr'>omnem,</span> <span class='ocrx_word' id='word_1_84' title='bbox 599 1396 635 1440; x_wconf 87' lang='lat' dir='ltr'>si</span> <span class='ocrx_word' id='word_1_85' title='bbox 669 1410 757 1455; x_wconf 88' lang='lat' dir='ltr'>qua</span> <span class='ocrx_word' id='word_1_86' title='bbox 790 1402 898 1450; x_wconf 90' lang='lat' dir='ltr'>erat,</span> <span class='ocrx_word' id='word_1_87' title='bbox 935 1394 1148 1440; x_wconf 81' lang='lat' dir='ltr'>libertatis</span> <span class='ocrx_word' id='word_1_88' title='bbox 1181 1408 1302 1454; x_wconf 90' lang='lat' dir='ltr'>spem</span> <span class='ocrx_word' id='word_1_89' title='bbox 1345 1392 1507 1440; x_wconf 86' lang='lat' dir='ltr'>ademit</span> <span class='ocrx_word' id='word_1_90' title='bbox 1537 1391 1620 1438; x_wconf 88' lang='lat' dir='ltr'>Na-</span> 
     </span>
     <span class='ocr_line' id='line_1_14' title="bbox 188 1463 1616 1525; baseline -0.002 -15"><span class='ocrx_word' id='word_1_91' title='bbox 188 1467 336 1525; x_wconf 90' lang='lat' dir='ltr'>poleo,</span> <span class='ocrx_word' id='word_1_92' title='bbox 373 1467 447 1525; x_wconf 84' lang='lat' dir='ltr'>qui</span> <span class='ocrx_word' id='word_1_93' title='bbox 482 1481 597 1512; x_wconf 90' lang='lat' dir='ltr'>anno</span> <span class='ocrx_word' id='word_1_94' title='bbox 631 1466 766 1512; x_wconf 88' lang='lat' dir='ltr'>seculi</span> <span class='ocrx_word' id='word_1_95' title='bbox 788 1466 837 1521; x_wconf 85' lang='lat' dir='ltr'>V,</span> <span class='ocrx_word' id='word_1_96' title='bbox 865 1468 1007 1511; x_wconf 80' lang='lat' dir='ltr'>ferrea</span> <span class='ocrx_word' id='word_1_97' title='bbox 1039 1479 1191 1523; x_wconf 81' lang='lat' dir='ltr'>regum</span> <span class='ocrx_word' id='word_1_98' title='bbox 1224 1463 1616 1524; x_wconf 84' lang='lat' dir='ltr'>Longobardorum</span> 
     </span>
     <span class='ocr_line' id='line_1_15' title="bbox 188 1533 1616 1591; baseline -0.002 -10"><span class='ocrx_word' id='word_1_99' title='bbox 188 1551 355 1582; x_wconf 87' lang='lat' dir='ltr'>corona</span> <span class='ocrx_word' id='word_1_100' title='bbox 378 1537 612 1581; x_wconf 86' lang='lat' dir='ltr'>Mediolani</span> <span class='ocrx_word' id='word_1_101' title='bbox 636 1545 795 1591; x_wconf 87' lang='lat' dir='ltr'>sumta,</span> <span class='ocrx_word' id='word_1_102' title='bbox 822 1538 974 1582; x_wconf 80' lang='lat' dir='ltr'>ltaliae</span> <span class='ocrx_word' id='word_1_103' title='bbox 1000 1551 1073 1581; x_wconf 83' lang='lat' dir='ltr'>rex</span> <span class='ocrx_word' id='word_1_104' title='bbox 1100 1537 1380 1583; x_wconf 86' lang='lat' dir='ltr'>renunciatus</span> <span class='ocrx_word' id='word_1_105' title='bbox 1403 1541 1484 1581; x_wconf 88' lang='lat' dir='ltr'>est.</span> <span class='ocrx_word' id='word_1_106' title='bbox 1508 1533 1616 1579; x_wconf 88' lang='lat' dir='ltr'>Inde</span> 
     </span>
     <span class='ocr_line' id='line_1_16' title="bbox 187 1604 1617 1666; baseline -0.003 -14"><span class='ocrx_word' id='word_1_107' title='bbox 187 1608 412 1666; x_wconf 84' lang='lat' dir='ltr'>perbrevis</span> <span class='ocrx_word' id='word_1_108' title='bbox 444 1609 519 1652; x_wconf 88' lang='lat' dir='ltr'>illa</span> <span class='ocrx_word' id='word_1_109' title='bbox 551 1608 780 1652; x_wconf 85' lang='lat' dir='ltr'>Insubrum</span> <span class='ocrx_word' id='word_1_110' title='bbox 814 1615 932 1652; x_wconf 88' lang='lat' dir='ltr'>aetas</span> <span class='ocrx_word' id='word_1_111' title='bbox 966 1608 1105 1662; x_wconf 82' lang='lat' dir='ltr'>fluxit,</span> <span class='ocrx_word' id='word_1_112' title='bbox 1131 1623 1216 1666; x_wconf 89' lang='lat' dir='ltr'>qua</span> <span class='ocrx_word' id='word_1_113' title='bbox 1238 1608 1408 1660; x_wconf 90' lang='lat' dir='ltr'>nescio,</span> <span class='ocrx_word' id='word_1_114' title='bbox 1443 1619 1498 1651; x_wconf 89' lang='lat' dir='ltr'>an</span> <span class='ocrx_word' id='word_1_115' title='bbox 1530 1604 1617 1650; x_wconf 84' lang='lat' dir='ltr'>alia</span> 
     </span>
     <span class='ocr_line' id='line_1_17' title="bbox 189 1675 1616 1736; baseline -0.001 -14"><span class='ocrx_word' id='word_1_116' title='bbox 189 1685 287 1736; x_wconf 88' lang='lat' dir='ltr'>post</span> <span class='ocrx_word' id='word_1_117' title='bbox 319 1679 520 1723; x_wconf 90' lang='lat' dir='ltr'>ultimum</span> <span class='ocrx_word' id='word_1_118' title='bbox 566 1679 768 1723; x_wconf 85' lang='lat' dir='ltr'>Ssortiam</span> <span class='ocrx_word' id='word_1_119' title='bbox 817 1679 1096 1724; x_wconf 83' lang='lat' dir='ltr'>incrementis</span> <span class='ocrx_word' id='word_1_120' title='bbox 1145 1678 1304 1723; x_wconf 86' lang='lat' dir='ltr'>artium</span> <span class='ocrx_word' id='word_1_121' title='bbox 1348 1677 1477 1722; x_wconf 88' lang='lat' dir='ltr'>suerit</span> <span class='ocrx_word' id='word_1_122' title='bbox 1523 1675 1616 1720; x_wconf 90' lang='lat' dir='ltr'>illu-</span> 
     </span>
     <span class='ocr_line' id='line_1_18' title="bbox 187 1748 1613 1808; baseline -0.001 -15"><span class='ocrx_word' id='word_1_123' title='bbox 187 1750 338 1794; x_wconf 84' lang='lat' dir='ltr'>strior.</span> <span class='ocrx_word' id='word_1_124' title='bbox 393 1750 511 1794; x_wconf 91' lang='lat' dir='ltr'>Tunc</span> <span class='ocrx_word' id='word_1_125' title='bbox 563 1764 745 1806; x_wconf 85' lang='lat' dir='ltr'>magnus</span> <span class='ocrx_word' id='word_1_126' title='bbox 797 1750 940 1794; x_wconf 85' lang='lat' dir='ltr'>extitit</span> <span class='ocrx_word' id='word_1_127' title='bbox 986 1756 1222 1808; x_wconf 83' lang='lat' dir='ltr'>proventus</span> <span class='ocrx_word' id='word_1_128' title='bbox 1273 1748 1613 1801; x_wconf 88' lang='lat' dir='ltr'>statuariorum‚</span> 
     </span>
     <span class='ocr_line' id='line_1_19' title="bbox 186 1817 1617 1880; baseline -0.002 -15"><span class='ocrx_word' id='word_1_129' title='bbox 186 1821 468 1880; x_wconf 84' lang='lat' dir='ltr'>scalptorum,</span> <span class='ocrx_word' id='word_1_130' title='bbox 520 1822 804 1875; x_wconf 86' lang='lat' dir='ltr'>caelatorum,</span> <span class='ocrx_word' id='word_1_131' title='bbox 856 1822 900 1866; x_wconf 90' lang='lat' dir='ltr'>in</span> <span class='ocrx_word' id='word_1_132' title='bbox 948 1821 1117 1879; x_wconf 81' lang='lat' dir='ltr'>pictura</span> <span class='ocrx_word' id='word_1_133' title='bbox 1159 1834 1263 1866; x_wconf 90' lang='lat' dir='ltr'>vero</span> <span class='ocrx_word' id='word_1_134' title='bbox 1311 1820 1473 1879; x_wconf 90' lang='lat' dir='ltr'>primas</span> <span class='ocrx_word' id='word_1_135' title='bbox 1517 1817 1617 1864; x_wconf 84' lang='lat' dir='ltr'>tulit</span> 
     </span>
     <span class='ocr_line' id='line_1_20' title="bbox 186 1889 1619 1951; baseline -0.001 -16"><span class='ocrx_word' id='word_1_136' title='bbox 186 1892 383 1936; x_wconf 84' lang='lat' dir='ltr'>Andreas</span> <span class='ocrx_word' id='word_1_137' title='bbox 417 1892 669 1950; x_wconf 71' lang='lat' dir='ltr'>Appianhxs,</span> <span class='ocrx_word' id='word_1_138' title='bbox 706 1893 827 1937; x_wconf 89' lang='lat' dir='ltr'>cuius</span> <span class='ocrx_word' id='word_1_139' title='bbox 859 1893 1119 1951; x_wconf 87' lang='lat' dir='ltr'>perelegans</span> <span class='ocrx_word' id='word_1_140' title='bbox 1157 1899 1199 1937; x_wconf 89' lang='lat' dir='ltr'>et</span> <span class='ocrx_word' id='word_1_141' title='bbox 1235 1891 1462 1951; x_wconf 85' lang='lat' dir='ltr'>multiplex</span> <span class='ocrx_word' id='word_1_142' title='bbox 1498 1889 1619 1948; x_wconf 83' lang='lat' dir='ltr'>inge·</span> 
     </span>
     <span class='ocr_line' id='line_1_21' title="bbox 188 1963 1616 2023; baseline -0.001 -16"><span class='ocrx_word' id='word_1_143' title='bbox 188 1963 309 2008; x_wconf 90' lang='lat' dir='ltr'>nium</span> <span class='ocrx_word' id='word_1_144' title='bbox 341 1965 419 2009; x_wconf 87' lang='lat' dir='ltr'>sub</span> <span class='ocrx_word' id='word_1_145' title='bbox 453 1965 583 2008; x_wconf 88' lang='lat' dir='ltr'>trium</span> <span class='ocrx_word' id='word_1_146' title='bbox 625 1964 845 2009; x_wconf 86' lang='lat' dir='ltr'>Charitum</span> <span class='ocrx_word' id='word_1_147' title='bbox 889 1967 1041 2020; x_wconf 83' lang='lat' dir='ltr'>forma,</span> <span class='ocrx_word' id='word_1_148' title='bbox 1088 1964 1268 2023; x_wconf 88' lang='lat' dir='ltr'>pulchre</span> <span class='ocrx_word' id='word_1_149' title='bbox 1311 1963 1356 2007; x_wconf 92' lang='lat' dir='ltr'>in</span> <span class='ocrx_word' id='word_1_150' title='bbox 1397 1974 1616 2007; x_wconf 87' lang='lat' dir='ltr'>marmore</span> 
     </span>
     <span class='ocr_line' id='line_1_22' title="bbox 188 2032 1616 2093; baseline -0.001 -15"><span class='ocrx_word' id='word_1_151' title='bbox 188 2035 400 2093; x_wconf 85' lang='lat' dir='ltr'>expressit</span> <span class='ocrx_word' id='word_1_152' title='bbox 422 2035 610 2079; x_wconf 79' lang='lat' dir='ltr'>Venetus</span> <span class='ocrx_word' id='word_1_153' title='bbox 644 2035 896 2080; x_wconf 86' lang='lat' dir='ltr'>Praxiteles.</span> <span class='ocrx_word' id='word_1_154' title='bbox 925 2035 1010 2080; x_wconf 89' lang='lat' dir='ltr'>Nee</span> <span class='ocrx_word' id='word_1_155' title='bbox 1037 2035 1179 2080; x_wconf 90' lang='lat' dir='ltr'>minus</span> <span class='ocrx_word' id='word_1_156' title='bbox 1211 2032 1424 2079; x_wconf 87' lang='lat' dir='ltr'>memoria</span> <span class='ocrx_word' id='word_1_157' title='bbox 1455 2032 1616 2091; x_wconf 83' lang='lat' dir='ltr'>dignus</span> 
     </span>
     <span class='ocr_line' id='line_1_23' title="bbox 185 2103 1619 2165; baseline -0.001 -16"><span class='ocrx_word' id='word_1_158' title='bbox 185 2104 408 2150; x_wconf 82' lang='lat' dir='ltr'>Jucundus</span> <span class='ocrx_word' id='word_1_159' title='bbox 447 2106 749 2160; x_wconf 86' lang='lat' dir='ltr'>Albertollius,</span> <span class='ocrx_word' id='word_1_160' title='bbox 783 2107 855 2165; x_wconf 89' lang='lat' dir='ltr'>qui</span> <span class='ocrx_word' id='word_1_161' title='bbox 900 2106 943 2150; x_wconf 91' lang='lat' dir='ltr'>in</span> <span class='ocrx_word' id='word_1_162' title='bbox 986 2105 1241 2158; x_wconf 86' lang='lat' dir='ltr'>victoriolis,</span> <span class='ocrx_word' id='word_1_163' title='bbox 1277 2103 1507 2163; x_wconf 88' lang='lat' dir='ltr'>zophoris,</span> <span class='ocrx_word' id='word_1_164' title='bbox 1544 2103 1619 2147; x_wconf 82' lang='lat' dir='ltr'>tri·</span> 
     </span>
     <span class='ocr_line' id='line_1_24' title="bbox 188 2172 1616 2235; baseline -0.001 -17"><span class='ocrx_word' id='word_1_165' title='bbox 188 2176 359 2234; x_wconf 81' lang='lat' dir='ltr'>glyphis</span> <span class='ocrx_word' id='word_1_166' title='bbox 401 2176 584 2235; x_wconf 87' lang='lat' dir='ltr'>aliisque</span> <span class='ocrx_word' id='word_1_167' title='bbox 630 2178 946 2222; x_wconf 82' lang='lat' dir='ltr'>architecturae</span> <span class='ocrx_word' id='word_1_168' title='bbox 993 2176 1262 2221; x_wconf 86' lang='lat' dir='ltr'>ornamentis</span> <span class='ocrx_word' id='word_1_169' title='bbox 1295 2175 1369 2220; x_wconf 84' lang='lat' dir='ltr'>diu</span> <span class='ocrx_word' id='word_1_170' title='bbox 1410 2172 1616 2233; x_wconf 83' lang='lat' dir='ltr'>deperdi—</span> 
     </span>
     <span class='ocr_line' id='line_1_25' title="bbox 186 2242 1677 2304; baseline -0.001 -14"><span class='ocrx_word' id='word_1_171' title='bbox 186 2254 272 2291; x_wconf 90' lang='lat' dir='ltr'>tam</span> <span class='ocrx_word' id='word_1_172' title='bbox 296 2245 562 2291; x_wconf 84' lang='lat' dir='ltr'>Graecorum</span> <span class='ocrx_word' id='word_1_173' title='bbox 586 2255 855 2292; x_wconf 72' lang='lat' dir='ltr'>venustatem</span> <span class='ocrx_word' id='word_1_174' title='bbox 888 2247 1128 2292; x_wconf 85' lang='lat' dir='ltr'>renovavit.</span> <span class='ocrx_word' id='word_1_175' title='bbox 1155 2247 1256 2291; x_wconf 86' lang='lat' dir='ltr'>Erat</span> <span class='ocrx_word' id='word_1_176' title='bbox 1279 2247 1456 2304; x_wconf 86' lang='lat' dir='ltr'>insuper</span> <span class='ocrx_word' id='word_1_177' title='bbox 1479 2243 1612 2290; x_wconf 84' lang='lat' dir='ltr'>ardor</span> <span class='ocrx_word' id='word_1_178' title='bbox 1660 2242 1677 2258; x_wconf 87' lang='grc'><em>“</em></span> 
     </span>
     <span class='ocr_line' id='line_1_26' title="bbox 189 2313 1617 2371; baseline -0.001 -12"><span class='ocrx_word' id='word_1_179' title='bbox 189 2324 231 2361; x_wconf 83' lang='lat' dir='ltr'>et</span> <span class='ocrx_word' id='word_1_180' title='bbox 274 2319 493 2363; x_wconf 80' lang='lat' dir='ltr'>festinatio</span> <span class='ocrx_word' id='word_1_181' title='bbox 528 2319 742 2363; x_wconf 80' lang='lat' dir='ltr'>artificum</span> <span class='ocrx_word' id='word_1_182' title='bbox 785 2334 830 2364; x_wconf 91' lang='lat' dir='ltr'>se</span> <span class='ocrx_word' id='word_1_183' title='bbox 862 2326 1011 2363; x_wconf 89' lang='lat' dir='ltr'>mutuo</span> <span class='ocrx_word' id='word_1_184' title='bbox 1051 2318 1378 2371; x_wconf 88' lang='lat' dir='ltr'>aemulantium,</span> <span class='ocrx_word' id='word_1_185' title='bbox 1413 2322 1460 2360; x_wconf 86' lang='lat' dir='ltr'>ut</span> <span class='ocrx_word' id='word_1_186' title='bbox 1497 2313 1617 2358; x_wconf 84' lang='lat' dir='ltr'>trilu-</span> 
     </span>
     <span class='ocr_line' id='line_1_27' title="bbox 189 2385 1610 2449; baseline -0.001 -18"><span class='ocrx_word' id='word_1_187' title='bbox 189 2390 265 2432; x_wconf 78' lang='lat' dir='ltr'>stri</span> <span class='ocrx_word' id='word_1_188' title='bbox 305 2392 462 2447; x_wconf 88' lang='lat' dir='ltr'>spatio,</span> <span class='ocrx_word' id='word_1_189' title='bbox 499 2390 540 2433; x_wconf 88' lang='lat' dir='ltr'>in</span> <span class='ocrx_word' id='word_1_190' title='bbox 576 2391 763 2449; x_wconf 84' lang='lat' dir='ltr'>templis,</span> <span class='ocrx_word' id='word_1_191' title='bbox 801 2391 845 2434; x_wconf 88' lang='lat' dir='ltr'>in</span> <span class='ocrx_word' id='word_1_192' title='bbox 880 2390 1090 2445; x_wconf 82' lang='lat' dir='ltr'>basilicis,</span> <span class='ocrx_word' id='word_1_193' title='bbox 1127 2390 1171 2434; x_wconf 90' lang='lat' dir='ltr'>in</span> <span class='ocrx_word' id='word_1_194' title='bbox 1204 2388 1381 2434; x_wconf 85' lang='lat' dir='ltr'>urbanis</span> <span class='ocrx_word' id='word_1_195' title='bbox 1414 2385 1610 2432; x_wconf 85' lang='lat' dir='ltr'>ambula-</span> 
     </span>
    </p>
   </div>
  </div>
 </body>
</html>
