1677 2620
703 92 757 100 .-.
784 71 836 111 28
863 93 917 102 -

99 153 255 185 somno
288 141 472 194 excitos,
508 141 560 185 ad
594 155 668 186 eos
702 156 846 188 mores
880 143 1089 198 rediisse,
1116 159 1228 206 quos
1249 144 1375 200 Galli,
1410 147 1528 192 colo-

98 210 270 255 niarum
294 218 511 265 auctores,
537 212 621 256 sibi
655 213 758 256 olim
781 213 1046 258 indiderant.
1081 213 1134 258 Et
1165 228 1315 260 eorum
1348 216 1523 275 quidem

100 279 319 336 iuventus,
355 296 465 341 quae
509 282 572 326 vel
608 282 650 325 in
684 284 865 341 equiriis
905 284 1160 342 agilitatem,
1196 285 1263 330 vel
1296 286 1340 329 in
1372 286 1530 332 milita-

104 353 227 398 ribus
250 353 639 398 exercitationibus
662 355 832 412 patiens
854 355 1054 399 laborum
1077 370 1235 416 corpus
1259 357 1528 413 ostentabat,

101 422 148 467 in
181 430 324 467 castra
357 424 530 473 educta,
566 438 723 481 magna
755 426 927 470 virtutis
960 427 1200 485 specimina
1232 427 1276 471 in
1308 427 1530 486 plerisque

99 493 228 538 bellis
272 494 484 538 ediderat.
531 494 648 546 Quae
690 497 836 540 omnia
869 511 989 555 spem
1024 498 1068 541 in
1100 498 1258 542 animis
1291 498 1526 555 augebant,

102 563 215 619 sore,
252 572 297 608 ut
341 566 672 623 opulentissima
711 568 811 611 urbs
847 569 926 611 toti
970 569 1230 612 occidentali
1273 568 1423 613 ltaliae
1457 569 1534 612 ali-

103 636 280 694 quando
316 636 566 694 imperaret.

166 919 284 964 Haec
335 920 394 963 ita
441 921 483 964 in
534 921 782 978 proscenio,
827 934 963 978 paene
1002 921 1200 976 dixerim,
1247 920 1529 980 gerebantur,

108 1004 242 1050 quum
276 992 376 1035 novi
411 991 512 1036 belli
535 1006 685 1035 rumor
716 991 990 1035 Germaniam
1024 993 1228 1050 pervasit.
1267 993 1369 1039 Erat
1391 1008 1532 1040 annus

105 1063 243 1107 seculi
278 1076 358 1117 xit,
395 1078 526 1122 quum
550 1062 743 1121 Napoleo
768 1063 874 1106 nihil
911 1077 954 1107 se
989 1065 1141 1108 secisse
1170 1064 1422 1121 arbitratus,
1447 1066 1530 1111 nisi

107 1141 308 1178 naturam
343 1135 481 1192 ipsam
516 1135 594 1178 sub
627 1134 1012 1192 septemtrionibus
1034 1135 1224 1190 vicisset,
1259 1136 1304 1180 in
1337 1135 1533 1196 Seyticos

106 1202 235 1260 fineS,
272 1206 386 1250 unde
420 1220 548 1250 nemo
582 1205 814 1250 incolumis
848 1205 898 1249 ad
934 1219 1029 1250 eam
1063 1205 1178 1249 diem
1211 1207 1417 1261 redierat,
1463 1222 1535 1253 ex-

109 1275 376 1334 peditionem
411 1277 617 1336 pa1·abat;
646 1290 689 1321 VI
725 1277 809 1321 kal.
838 1276 964 1321 iulias
988 1276 1183 1322 eiusdem
1216 1278 1336 1332 anni,
1370 1277 1531 1323 floren-

107 1347 301 1392 tissimus
344 1349 538 1393 omnium
573 1349 804 1403 exercitus,
851 1363 980 1406 quem
1024 1349 1234 1394 historiae
1268 1358 1533 1406 memorent,

104 1416 345 1463 Niemenen
390 1419 550 1464 {lumen
596 1420 813 1478 tripartito
857 1421 1029 1478 agmine
1072 1420 1256 1466 traiecit.
1304 1420 1407 1465 Erat
1451 1420 1532 1466 flos

105 1487 275 1543 Italiae,
312 1489 448 1547 Belgii
481 1498 523 1534 et
556 1491 689 1535 totius
732 1491 912 1546 Galliae,
949 1506 1046 1549 spes
1081 1498 1123 1535 et
1164 1493 1298 1536 robur
1331 1492 1528 1550 imperii;

106 1560 405 1618 sequebantur
438 1562 595 1604 auxilia
629 1562 846 1605 sociorum
871 1576 921 1606 ex
943 1562 1145 1606 omnibus
1177 1561 1434 1608 Germaniae
1467 1577 1533 1607 ur-

103 1628 249 1684 bibus,
285 1637 405 1675 tanto
445 1646 673 1690 equorum,
711 1632 1119 1690 impedimentorum
1161 1640 1203 1676 et
1242 1633 1424 1677 lixarum
1457 1647 1530 1677 co-

104 1702 275 1755 mitatu,
312 1709 536 1761 quantum,
573 1703 723 1755 cred0,
760 1716 837 1747 nec
872 1703 1045 1757 XerseS‚
1083 1717 1162 1748 nec
1201 1704 1537 1749 innumerabilis

105 1770 363 1817 Hunnorum
387 1787 511 1830 gens,
537 1774 770 1818 nomadum
789 1788 910 1819 more
936 1775 978 1817 in
1002 1774 1215 1833 Europam
1240 1782 1532 1833 transgressa,

105 1856 251 1888 secum
285 1844 511 1888 habuerat.
557 1845 615 1889 Ad
661 1845 839 1889 huiusce
874 1846 935 1889 rei
979 1846 1177 1889 nuntium
1211 1846 1351 1904 primo
1399 1846 1534 1891 admi-

106 1914 238 1969 ratio,
275 1915 377 1959 dein
420 1915 550 1961 timor
593 1917 761 1960 animos
794 1916 989 1961 incessit.
1033 1916 1142 1969 Quid
1194 1917 1309 1962 enim
1349 1917 1535 1962 militum

105 1985 257 2040 virtus,
305 1994 378 2030 aut
410 1987 692 2045 imperatoria
737 1987 914 2031 solertia
947 1994 1097 2032 contra
1132 1988 1244 2032 coeli
1278 1988 1361 2033 vim
1395 1994 1438 2034 et
1469 2001 1534 2033 re-

107 2056 252 2112 gionis
285 2059 577 2116 asperitatem,
599 2059 779 2116 posset?
803 2059 999 2114 Augebat
1032 2065 1190 2103 metum
1226 2059 1394 2118 opinio,
1420 2072 1537 2118 quae·

105 2124 151 2170 in
185 2128 335 2184 vulgus
378 2136 643 2183 manaverat,
681 2128 993 2187 Napoleonei'm
1040 2131 1196 2174 ceteris
1238 2129 1422 2174 ducibus
1463 2129 1533 2174 de-

105 2195 402 2253 hortantibus,
438 2213 511 2243 eas
545 2206 681 2244 terras
705 2200 949 2253 intravisse,
986 2201 1059 2245 ubi
1093 2214 1233 2259 neque
1268 2201 1310 2244 in
1350 2200 1533 2245 victoria

107 2266 239 2320 salus,
282 2281 423 2328 neque
467 2269 510 2312 in
543 2270 665 2313 clade
700 2270 942 2327 perfugium
979 2278 1107 2314 esset.
1145 2271 1230 2315 Nec
1263 2270 1398 2316 multo
1431 2277 1531 2329 post

107 2339 326 2382 sarmatici
362 2339 537 2393 imbres,
563 2340 635 2398 qui
670 2354 803 2398 equos
840 2348 880 2384 et
914 2342 1029 2385 viros
1063 2341 1336 2396 attriverant,
1371 2340 1533 2385 deinde-

106 2414 230 2452 atrox
265 2410 317 2453 ad
353 2409 617 2454 Borodinum
642 2424 802 2469 pugna,
831 2418 1049 2468 postremo
1082 2413 1254 2469 rogales
1284 2410 1530 2456 Smolenski
