1677 2620
744 96 797 104 -
825 76 878 114 44
903 97 957 105 -

136 155 188 186 ex
225 142 335 186 duce
374 143 524 187 consul
563 149 605 187 et
640 143 717 187 sub
756 145 933 188 nomine
966 146 1157 191 consulis
1190 148 1398 204 dictator,
1435 152 1563 208 regio

134 213 373 270 supercilio
411 213 525 256 inter
559 215 893 258 contubernales
923 221 964 258 et
1000 215 1172 260 infimos
1204 219 1349 264 vivere
1381 235 1563 267 consue·

106 276 271 327 'verat
315 283 397 326 Sed
438 297 526 327 non
565 285 703 327 solum
741 299 941 341 regnum,
982 286 1054 329 sed
1091 289 1208 345 quod
1241 288 1556 346 Diocletianus,

135 352 377 396 inveterata
410 354 494 397 iam
531 354 754 408 servitute,
791 357 969 407 fecerat,
995 357 1213 413 persicum
1245 359 1368 403 aulae
1401 361 1559 405 fastum

135 429 179 466 et
201 424 347 466 inania
380 424 650 481 principatus
685 426 914 483 quaesivit.
947 425 1082 477 Quam
1107 427 1295 485 superba
1316 429 1392 473 illa
1422 429 1561 488 Napo-

132 492 276 536 leonis
310 507 388 537 vox
425 494 476 537 ad
514 495 699 538 convivii
732 496 977 539 ministrum
1025 513 1041 538 «
1080 498 1145 541 fac
1178 498 1286 541 mihi
1319 499 1398 543 lios
1430 514 1565 557 reges-

135 562 408 608 discumbere
450 580 467 605 n
521 579 652 622 quum
700 565 897 609 videlicet
941 566 1197 612 Germaniae
1251 564 1472 627 principes
1515 572 1560 615 in

135 633 367 677 formulam
404 635 623 678 sociorum
660 643 862 693 receptos
904 637 1154 693 frequentes
1187 638 1304 681 domi
1344 639 1561 685 haberet!

135 702 289 747 Nonne
314 704 443 756 idem,
469 705 698 762 repudiata
720 705 959 763 Josepbina
989 720 1140 759 uxore,
1167 708 1437 752 fortunarum
1474 724 1564 753 om-

133 772 255 818 nium
301 775 530 832 participe,
577 775 862 833 inauspicatis
905 777 1068 833 nuptiis
1112 778 1293 821 alteram
1337 779 1473 832 duxit,
1515 786 1562 823 ut

136 857 272 900 genus
315 851 440 888 antea
489 845 666 901 regibus
714 846 979 902 ignoratum,
1026 847 1312 905 Lotharingio
1358 850 1561 905 sanguini

135 915 473 959 commisceret?
514 916 640 973 Atqui
676 922 819 960 tantae
854 917 1132 973 arrogantiae
1175 918 1353 962 meritas
1394 933 1562 976 poenas

134 984 231 1038 luit,
268 986 427 1043 quippe
471 986 559 1043 qui,
609 986 796 1030 concisis
842 988 972 1030 semel
1010 987 1227 1032 libertatis
1269 989 1432 1043 nervis,
1478 990 1564 1046 pri-

135 1055 274 1099 stinos
308 1056 484 1113 spiritus
508 1056 693 1099 exanimi
727 1070 840 1100 nunc
863 1055 1026 1100 Galliae
1050 1057 1344 1116 nequidquam
1378 1059 1562 1104 reddere

137 1131 321 1169 conatur
343 1142 385 1169 )).
413 1126 566 1170 Mirum
601 1141 728 1185 quam
753 1128 876 1170 avide
910 1127 1153 1172 istiusmodi
1187 1142 1411 1172 sermones
1445 1131 1562 1173 exci-

135 1202 260 1253 peret
297 1202 417 1240 vetus
453 1197 677 1250 nobilitas,
714 1211 824 1256 quae
857 1211 996 1256 nuper
1029 1198 1082 1241 ab
1118 1198 1272 1242 exsilio
1309 1199 1360 1242 ad
1396 1200 1563 1244 aulicos

135 1264 330 1309 honores
369 1267 593 1321 arcessita,
630 1267 872 1326 Napoleoni
919 1274 1061 1312 tamen
1098 1275 1190 1312 erat
1223 1268 1408 1322 insensa,
1445 1269 1562 1328 quod

138 1347 192 1379 eo
224 1336 367 1392 pulso,
394 1338 517 1394 plura
549 1345 591 1381 et
621 1338 832 1395 ampliora
865 1339 1082 1396 sperabat.
1110 1339 1265 1383 Multas
1297 1346 1440 1383 autem
1474 1346 1564 1383 tra-

137 1406 320 1461 goedias
356 1409 558 1452 movebat
595 1409 636 1451 in
662 1408 952 1465 deploranda
991 1409 1123 1453 caede
1166 1409 1376 1453 Boi-bonii
1420 1410 1563 1454 adole·

136 1477 315 1530 scentiS,
352 1478 547 1522 Condivii
592 1479 803 1537 principis
846 1481 891 1533 f.;
927 1493 1055 1537 quem
1091 1480 1189 1523 illae
1224 1480 1303 1523 sub
1339 1479 1464 1534 falso,
1501 1482 1561 1526 uti

138 1547 330 1600 aiebant,
356 1549 674 1592 coniurationis
699 1551 891 1603 nomine,
928 1551 1037 1594 clam
1074 1550 1115 1593 in
1147 1550 1327 1594 Galliam
1352 1551 1560 1605 delatum,

133 1615 270 1660 invita
293 1625 333 1661 et
357 1620 603 1663 obtestante
628 1634 724 1663 eum
750 1619 949 1677 lacrymis
972 1633 1123 1673 uxore,
1156 1618 1432 1662 irrevocabili
1463 1620 1565 1663 taci-

139 1689 345 1732 turnitate
370 1690 466 1732 neci
488 1690 800 1733 destinaverat.
822 1690 908 1733 Nec
926 1690 1069 1732 minus
1093 1689 1392 1733 detestabatur
1411 1688 1472 1732 Pii
1489 1689 1562 1733 VII

138 1755 364 1803 Pontificis
388 1760 697 1818 captivitatem.
735 1777 752 1802 ι
774 1760 955 1803 Tantum
989 1773 1042 1803 ne
1078 1759 1242 1802 facinus
1275 1773 1425 1802 ausum
1449 1773 1560 1814 esse,

138 1834 186 1872 ut
207 1843 348 1886 neque
378 1844 531 1874 manus
566 1844 590 1873 a
623 1831 897 1874 sanctissimo
932 1843 1034 1874 sene
1070 1831 1324 1883 abstineret,
1355 1843 1500 1887 quern,
1527 1830 1564 1874 si

138 1899 247 1942 niliil
282 1900 415 1953 aliud,
442 1907 485 1943 at
517 1915 592 1944 sua
634 1900 824 1957 dignitas
866 1907 907 1943 et
941 1900 1099 1943 invicta
1134 1899 1247 1942 inter
1295 1905 1360 1942 tot
1407 1906 1562 1943 eontu-

139 1970 293 2013 melias
316 1971 604 2015 mansuetudo
628 1972 738 2014 tueri
763 1971 1027 2013 debuerant!
1070 1970 1151 2013 Sed
1178 1969 1399 2013 hominem
1429 1982 1564 2026 prava

141 2041 380 2084 ambitione
423 2047 594 2098 captum
620 2041 660 2083 in
686 2041 768 2083 alia
807 2047 935 2097 atque
972 2040 1056 2083 alia
1092 2039 1348 2097 precipitem
1383 2039 1560 2083 iturum.

141 2109 309 2161 Quanto
330 2113 621 2167 praestantius
642 2112 699 2153 illi
718 2118 825 2164 erat,
848 2111 881 2154 si
901 2111 1080 2154 devictis
1097 2109 1260 2153 Galliae
1281 2108 1560 2163 factionibus,

142 2180 259 2236 quod
285 2179 498 2233 Monkius,
520 2181 583 2224 vir
607 2181 883 2234 fortissimus,
906 2181 948 2223 in
969 2180 1119 2236 Anglia
1139 2181 1316 2232 fecerat,
1339 2178 1564 2236 antiquam

141 2263 292 2303 regum
337 2250 530 2307 stirpem,
568 2251 818 2308 inexpiabili
854 2250 1088 2307 parricidio
1123 2250 1365 2306 expulsam,
1406 2248 1449 2291 in
1483 2260 1562 2292 sua

144 2318 238 2362 iura
263 2320 532 2363 vocavisset?
566 2321 615 2362 At
639 2322 774 2363 fluxae
799 2321 954 2372 famae,
982 2334 1110 2377 quam
1140 2332 1367 2362 mansurae
1395 2317 1562 2374 gloriae

142 2389 432 2445 cupidiorem,
476 2404 654 2446 regnum
691 2391 770 2434 sibi
810 2396 851 2433 et
886 2390 973 2433 suis
1008 2390 1243 2446 paravisse,
1279 2387 1394 2446 quod
1426 2386 1560 2444 perli-
