1677 2620
771 104 826 112 -
853 83 904 121 48
933 103 987 111 ..-

162 161 207 196 et
240 152 464 196 fluminum
499 152 699 196 divortiis
743 152 922 208 irrigua,
959 152 1014 195 ad
1051 152 1094 195 id
1126 152 1289 196 bellum
1329 160 1423 197 erat
1460 156 1596 213 aptis·

164 222 296 275 sima;
324 223 359 265 is
383 236 484 266 vero
517 222 617 275 dux,
657 222 731 279 qui
763 235 904 279 neque
942 222 1186 279 vigilantia,
1222 236 1365 281 neque
1399 224 1514 269 dolis
1545 231 1593 270 et

162 300 312 336 cetera
336 292 521 335 scientia
543 292 606 334 rei
643 291 845 335 militaris
881 292 956 335 ulli
987 291 1303 349 imperatorum
1336 300 1452 338 esset
1483 294 1595 339 infe-

162 362 273 406 rior.
299 362 403 406 Inde
427 361 647 405 bimestris
670 362 745 406 illa
769 362 990 406 dimicatio
1015 376 1194 406 casuum
1216 363 1362 420 plena,
1390 364 1596 423 utrinque

165 431 284 476 vices
317 432 379 475 sic
413 432 668 475 moderante
690 432 880 485 fortuna,
906 438 952 474 ut
986 433 1178 486 tametsi,
1212 433 1255 475 in
1289 439 1411 477 tanta
1442 433 1599 478 virium

162 501 500 561 inaequalitate,
538 501 672 545 totius
715 502 779 544 rei
824 502 963 545 exitus
1009 501 1253 559 praesagiri
1296 507 1484 561 poterat,
1524 517 1600 562 pu-

167 571 396 626 gnantium
445 578 590 614 tamen
624 571 792 614 animos
825 571 993 615 incerta
1028 585 1102 629 spe
1136 563 1374 629 suspensos
1409 578 1628 617 tenerets

167 638 222 682 Et
254 654 415 698 anceps
438 641 613 698 quidem
636 655 781 699 pugna
814 641 868 684 ad
901 641 1085 685 Brenam
1119 643 1278 695 fuerat,
1316 656 1446 700 quam
1485 642 1597 688 aliae

166 719 299 767 atque
331 711 443 754 aliae
468 711 731 767 insigniores
756 719 1018 754 consecutae
1056 719 1170 754 sunt.
1207 711 1311 755 Cum
1347 712 1464 756 enim
1485 712 1599 759 duae

122 776 125 778 ’
166 778 407 823 latissimae
432 780 524 823 viae
548 781 600 823 ad
626 779 815 823 Parisios
840 780 1103 837 pertineant,
1130 781 1265 824 altera
1304 782 1360 824 ad
1394 781 1597 837 Boream,

168 863 281 906 quae
314 850 459 893 varios
492 850 713 893 Matronae
747 864 898 894 cursus
938 851 1150 908 sequitur,
1192 851 1331 895 altera
1372 851 1425 896 ad
1465 851 1597 895 meri-

167 918 301 973 diem,
339 934 468 977 quam
502 921 704 978 Sequana
737 921 1023 978 praeterfluit,
1061 927 1199 964 totum
1249 922 1356 965 iilud
1391 922 1596 979 spatium,

168 991 288 1046 quod
331 997 520 1048 utroque
565 991 742 1034 ssuinine
781 992 1045 1045 continetur,
1088 992 1267 1035 alternis
1310 992 1509 1036 cladibus
1556 998 1601 1035 et

168 1059 366 1103 victoriis
401 1061 630 1104 lustratum
650 1068 729 1104 est.
766 1062 900 1105 Tanta
933 1076 1064 1119 porro
1099 1062 1323 1105 celeritate
1358 1062 1443 1106 huc
1467 1068 1600 1120 atque

172 1127 276 1173 illuc
321 1143 343 1172 a
388 1131 566 1174 flumine
600 1132 652 1174 ad
687 1131 863 1185 ssumen,
902 1133 954 1175 ab
990 1132 1097 1175 urbe
1136 1132 1188 1174 ad
1224 1133 1394 1184 urbem,
1430 1131 1600 1176 diurnis

171 1200 489 1257 nocturnisque
523 1201 754 1245 itineribus
787 1202 1007 1246 serebatur
1041 1201 1255 1259 Napoleo,
1281 1208 1328 1245 ut
1363 1201 1485 1259 prius
1514 1201 1605 1247 foe-

170 1268 312 1312 derati
347 1284 396 1314 ex
421 1272 629 1315 castrensi
664 1271 885 1316 Gallorum
920 1272 1256 1326 acclamatione,
1283 1285 1414 1329 quam
1453 1286 1477 1316 a
1509 1285 1604 1330 spe-

168 1338 442 1384 culatoribus
467 1342 771 1386 adventantem
807 1342 1032 1386 rescirent.
1062 1342 1333 1399 Properabat
1370 1342 1472 1396 dux,
1498 1355 1596 1400 pro·

170 1411 386 1464 perabant
425 1412 656 1464 exercitus,
690 1413 859 1469 equites
894 1412 1046 1456 laxatis
1082 1413 1288 1466 habenis,
1329 1412 1497 1470 pedites
1526 1426 1604 1470 pu·

171 1475 300 1522 blicis
325 1481 517 1523 cursuris
550 1481 762 1538 impositi;
802 1496 974 1539 pugnae
1014 1483 1157 1525 locum
1190 1495 1317 1526 casus
1352 1482 1600 1538 deligebat3

173 1551 279 1590 tunc
307 1550 460 1591 novitii
496 1565 594 1593 cum
627 1553 843 1597 veteranis
876 1553 928 1595 de
962 1552 1119 1595 virtute
1153 1560 1340 1606 certare,
1377 1565 1595 1608 aversum,

173 1616 406 1661 adversum
451 1620 623 1663 hostem
657 1622 853 1677 aggredi,
890 1622 1150 1664 irruentium
1186 1623 1342 1678 globos
1382 1622 1605 1667 cuneatim

173 1685 395 1741 disiicere,
442 1690 604 1745 pellere
641 1691 769 1734 simul
814 1698 855 1735 et
898 1692 1016 1749 pelli.
1063 1690 1151 1735 Nec
1194 1705 1297 1735 vcro
1344 1691 1539 1749 Napoleo
1575 1706 1603 1737 a

174 1757 320 1800 medio
363 1760 512 1803 aberat
546 1761 767 1815 conflictu,
806 1762 879 1805 sed
912 1776 1014 1806 voce
1047 1769 1088 1805 et
1126 1775 1257 1805 manu
1294 1763 1604 1809 laborantibus

175 1828 481 1884 subveniebat,
520 1838 720 1875 nutantes
755 1834 1056 1877 confirmabat.
1098 1832 1210 1884 Quin
1252 1833 1349 1890 plus
1389 1833 1523 1878 semel
1577 1847 1604 1878 a

175 1900 584 1954 supervenientibus
631 1902 828 1946 districto
867 1903 1012 1960 gladio
1060 1916 1105 1946 se
1149 1902 1375 1960 explicuit,
1424 1909 1604 1949 etcum

175 1969 527 2025 expeditissimis,
554 1972 831 2016 munimentis
854 1974 1044 2016 hostium
1079 1972 1307 2016 successit.
1347 1972 1467 2016 Idem
1499 1972 1603 2018 Sur-

174 2038 320 2092 villac,
359 2040 420 2083 sic
460 2042 603 2085 locum
651 2056 765 2086 nunc
808 2042 918 2086 Galli
966 2050 1234 2101 nuncupant,
1288 2049 1506 2087 tormenta
1547 2056 1604 2088 ex

176 2111 363 2155 editiore
388 2113 553 2155 tumulo
578 2121 830 2166 curaveram
868 2128 953 2173 quo
992 2114 1081 2158 viso
1117 2114 1275 2158 milites
1298 2114 1504 2166 clamare,
1540 2126 1599 2158 ne

178 2195 226 2226 se
261 2188 380 2225 tanto
403 2183 597 2239 periculo
632 2184 859 2238 obiiceret,
894 2185 1054 2242 quibus
1079 2185 1150 2228 ille
1173 2183 1377 2228 adridens
1418 2199 1436 2226 ι
1470 2183 1596 2241 atqui

179 2252 392 2305 nondum,
429 2252 584 2310 inquit,
611 2253 652 2297 id
689 2255 1004 2299 telumcusum
1037 2262 1118 2308 est,
1144 2268 1168 2297 a
1191 2268 1277 2311 quo
1300 2254 1512 2297 inteream
1548 2267 1595 2297 ι.

178 2320 364 2365 Tantum
410 2329 501 2366 erat
537 2323 579 2366 in
618 2325 826 2369 militibus
859 2339 962 2382 erga
996 2323 1120 2369 suum
1159 2325 1467 2382 imperatorem
1505 2327 1597 2368 stu-

179 2391 317 2446 dium,
345 2400 463 2438 tanta
495 2394 539 2438 in
566 2394 829 2453 imperatore
852 2409 956 2453 erga
983 2395 1143 2440 milites
1176 2391 1472 2454 popularitas!
