1677 2620
806 96 859 104 .-
887 74 938 112 36
966 96 1020 106 .-

193 145 298 189 hinc
329 145 451 199 silva,
487 145 590 189 hinc
621 145 799 189 flumine
833 159 879 189 se
914 151 1157 198 tuerentur,
1191 144 1422 202 repentino
1454 145 1620 203 impetu

192 216 469 259 festinantem
502 217 715 260 remorari
753 214 899 259 conati
935 222 1051 258 sunt.
1085 213 1274 258 Curabat
1310 214 1355 258 in
1390 215 1620 274 principiis

192 284 406 344 Napoleo,
432 286 506 344 qui
542 286 750 329 adversus
784 285 919 329 multo
942 283 1196 328 validiorem
1225 284 1400 328 hostem
1417 285 1491 329 'nil
1513 299 1619 329 cun-

193 356 398 400 ctandum
420 363 555 410 ratus,
581 357 776 399 immisso
810 355 1022 414 equitatu,
1058 369 1218 412 magna
1239 355 1281 399 vi
1313 355 1621 413 perobstantes

193 427 344 484 copias
377 428 536 484 erupit.
564 426 625 470 Eo
649 433 803 484 postea
824 440 922 470 cum
946 432 1138 469 extremo
1163 425 1335 482 agmine
1369 425 1622 484 supervenit

191 497 496 550 Marmontius,
523 497 596 556 qui
619 504 747 555 capto
773 496 936 554 oppido
961 502 1004 539 et
1027 496 1252 539 vulnerato
1276 495 1467 539 hostium
1491 496 1619 550 duce,

194 567 385 611 subitum
408 568 630 610 incursum
663 568 777 611 ultus
804 573 883 611 est.
910 566 981 610 Sic
1004 566 1218 610 exercitus
1249 565 1617 621 Francofurtium,

191 638 398 694 indeque,
426 637 608 682 traiecto
631 638 802 691 Rheno,
829 637 873 680 in
897 635 1077 681 Galliam
1097 636 1311 694 pervenit.
1333 635 1419 680 Sed
1442 636 1511 680 vix
1533 636 1623 680 dici

192 715 339 768 potest
361 723 490 767 quam
520 709 680 752 misere
702 715 767 752 tot
790 707 987 752 cursibus
1011 714 1053 752 et
1075 707 1430 752 dimicationibus
1463 707 1624 752 milites

195 785 504 823 attererentur.
531 778 612 830 Qui
645 779 792 837 paullo
831 785 929 822 ante
971 778 1198 821 victoriam
1221 779 1480 833 fremebant,
1519 784 1625 822 tunc

193 849 346 902 saucii,
383 850 614 902 debilitati,
651 850 807 893 laceris
851 849 1005 905 signis,
1050 848 1259 902 vestibus,
1297 848 1391 892 siue
1429 862 1506 906 spe
1543 848 1622 894 do-

191 932 310 963 mum
338 920 686 964 revertebantur.
713 919 902 963 Tacebat
936 919 1091 963 alacris
1126 919 1200 962 illa
1223 925 1265 962 et
1287 924 1492 977 prompta
1523 917 1621 963 Gat-

192 988 335 1032 lorum
368 989 565 1032 indoles:
602 989 756 1043 oculis,
794 989 1064 1046 captivorum
1097 989 1141 1033 in
1171 1002 1356 1043 morem,
1392 988 1512 1032 humi
1545 988 1620 1033 de-

193 1057 339 1113 iectiS,
384 1059 570 1117 patriam
614 1059 699 1102 iam
749 1073 886 1117 paene
929 1059 1088 1103 victam
1121 1059 1384 1104 revisebant.
1431 1059 1619 1114 Terror,

194 1130 317 1187 quasi
341 1130 608 1187 praesagitio
643 1129 736 1184 sati,
763 1130 807 1172 in
831 1130 1023 1173 omnium
1048 1144 1122 1174 ore
1156 1128 1434 1174 cernebatur.
1460 1129 1621 1174 Et.tri-

193 1206 282 1243 stes
311 1200 486 1257 quidem
519 1200 698 1244 nuntios
732 1201 946 1244 tristiores
972 1200 1262 1258 excipiebant.
1297 1199 1506 1254 Muratus,
1533 1213 1619 1258 quo

193 1282 284 1313 non
318 1270 427 1314 alius
460 1271 544 1314 dux
576 1270 788 1313 militibus
821 1270 1060 1328 acceptior,
1086 1269 1338 1328 posthabito
1371 1269 1624 1328 Napoleone

192 1339 348 1394 leviro,
385 1355 410 1383 a
441 1355 526 1398 quo
560 1355 745 1398 regnum
779 1347 1024 1399 acceperat,
1051 1341 1297 1386 incredibili
1331 1341 1505 1386 levitate
1529 1342 1622 1386 foe·

194 1410 274 1453 dus
299 1424 395 1453 cum
418 1411 618 1455 hostibus
636 1412 880 1468 pepigerat.
922 1411 1121 1468 Hispani,
1147 1411 1470 1469 pugnacissima
1495 1425 1620 1469 gens,

191 1487 293 1538 post
316 1494 384 1524 res
409 1481 596 1535 sortitor,
623 1488 665 1524 at
693 1496 846 1539 parum
869 1495 1080 1539 prospere
1104 1497 1127 1526 a
1150 1481 1288 1525 Sultio
1315 1487 1477 1538 gestas,
1501 1481 1621 1525 Wei-

192 1551 381 1607 lingtoni
405 1551 551 1603 ductu,
580 1551 897 1609 Pamplciopoli
921 1559 1112 1610 recepta,
1139 1553 1191 1596 ad
1216 1553 1463 1610 Pyrenaeos
1487 1553 1620 1597 saltus

194 1622 432 1664 instabant.
477 1620 641 1664 Gallica
680 1622 898 1679 praesidia
935 1623 986 1665 ad
1018 1629 1187 1666 centum
1225 1623 1362 1667 millia
1393 1623 1619 1668 hominum

195 1691 460 1747 germanicis
493 1692 668 1735 arcibus
703 1692 920 1750 imposita,
947 1693 1010 1736 vcl
1046 1699 1163 1737 arcta
1196 1693 1425 1738 obsidione
1458 1708 1623 1752 preme-

194 1761 372 1814 bantur,
420 1761 483 1804 vel
530 1762 569 1804 in
614 1762 805 1805 hostium
847 1770 1108 1820 potestatem
1147 1771 1370 1808 venerant.
1411 1764 1459 1808 In
1498 1764 1622 1808 ltalia

195 1830 523 1884 Beauliarneus‚
566 1832 908 1891 irrumpentibus
951 1834 1143 1892 undique
1181 1834 1436 1888 Austriacis,
1476 1834 1623 1879 omnia

195 1900 583 1958 circumspectans,
609 1911 652 1947 ct
677 1904 933 1947 auxiliorum
957 1918 1108 1961 egens,
1142 1905 1306 1950 relictis
1329 1904 1537 1959 Venetiis,
1564 1905 1618 1950 ad

197 1968 416 2015 Veronam
440 1973 711 2017 constiterat.

259 2318 374 2362 llaec
407 2319 645 2378 longinqua
681 2327 723 2364 ct
757 2327 948 2374 externa,
976 2322 1049 2365 sed
1075 2322 1159 2365 alia
1192 2322 1275 2366 iam
1310 2322 1510 2379 graviora
1542 2322 1620 2367 im-

196 2388 437 2433 minebant.
464 2389 569 2434 Nam
593 2391 938 2436 consultantibus
960 2391 1033 2436 diu
1052 2392 1243 2450 regibus,
1269 2406 1418 2437 eorum
1439 2392 1615 2437 demum
