1677 2620
776 109 828 116 ..
857 87 909 127 68
936 107 991 118 ..-

166 165 391 218 postremo
410 156 672 226 confitens,
693 157 865 202 silentio
882 156 935 200 ab
955 157 1157 202 omnibus
1171 158 1302 211 facto,
1324 158 1433 202 haec
1455 157 1591 204 verba

169 229 330 274 dieitur
371 227 597 273 habuisse.
650 244 668 271 ι
701 228 855 272 Vester
885 228 1015 272 modo
1054 229 1292 287 imperator
1336 242 1586 287 supremum

167 300 255 345 iam
278 313 354 344 vos
377 300 592 358 alloquar,
618 299 954 344 commilitones.
980 298 1182 357 Spectata
1214 298 1349 344 virtus
1388 299 1586 359 fidesque

167 378 313 416 vestra
344 372 606 416 documento
650 377 749 415 sunt
785 384 854 414 me
878 384 974 414 cum
1015 370 1091 414 tali
1126 370 1264 415 milite
1301 371 1589 415 reluctantem

166 443 387 487 fortunam
430 443 602 487 vincere
626 441 768 486 adhuc
805 442 1018 500 potuisse,
1063 441 1148 485 nisi
1192 441 1420 485 certamini
1458 441 1590 486 finem

165 513 489 571 imposuissem.
517 511 602 557 Sed
626 512 729 556 satis
754 512 906 556 datum
940 518 982 555 et
1005 513 1210 555 haustum
1243 510 1470 568 sanguinis
1506 511 1591 564 sit;

166 597 257 628 non
279 585 396 645 ultra
416 597 492 628 vos
514 583 720 642 periculis
744 582 969 637 obiiciam,
995 596 1138 640 neque
1170 588 1397 626 externum
1420 582 1586 628 bellum

167 654 383 712 regnandi
408 668 537 699 causa
571 654 732 698 diutius
766 653 1047 712 productum,
1083 659 1157 697 aut
1190 652 1314 697 civile
1336 660 1588 711 susceptum
1628 676 1634 680 -

169 726 280 771 mihi
327 725 588 785 exprobabit
639 726 888 784 posteritas.
946 724 1167 770 Gloriosus
1210 724 1293 768 erit
1337 723 1585 782 depositum

168 811 303 856 quam
345 803 565 841 retentum
599 797 851 855 imperium,
887 796 923 840 si
955 796 1046 854 ipse
1089 785 1206 839 ultro
1250 794 1464 839 exulando
1503 793 1589 839 Eu—

168 882 303 927 ropae
329 868 537 927 quietem,
563 867 726 912 Galliae
763 880 916 926 pacem
939 866 1190 910 reddidero.
1215 865 1300 909 Vos
1337 865 1520 919 interea,
1555 863 1593 909 si

168 953 396 997 nunquam
429 939 706 997 imperatoris
737 938 866 983 vestri
900 936 1132 996 poenituit,
1167 936 1316 980 liberis
1344 942 1386 980 et
1417 935 1590 994 nepoti·

168 1009 258 1069 bus,
273 1016 446 1055 narrate
471 1024 581 1069 quae
604 1009 777 1054 fortiter
808 1009 937 1054 simul
975 1021 1052 1066 per
1075 1014 1138 1053 tot
1176 1020 1311 1052 annos
1345 1007 1554 1064 gessimus
1571 1021 1583 1061 ;

171 1081 351 1125 audiant
392 1096 418 1125 a
459 1081 580 1125 vobis
622 1082 791 1125 Araxen
840 1086 882 1123 et
919 1078 1080 1132 Nilum,
1119 1092 1227 1137 quos
1268 1078 1586 1136 superavimus,

169 1151 397 1195 horrentia
417 1152 497 1196 sub
522 1151 756 1208 frigoribus
799 1164 949 1209 regna,
992 1163 1104 1209 quae
1134 1149 1406 1202 intravimus,
1440 1146 1594 1193 Gallici

168 1222 360 1267 nominis
384 1224 543 1267 samam
586 1223 630 1266 in
663 1223 840 1266 ultimos
873 1221 1102 1266 barbariae
1142 1220 1248 1265 fines
1282 1225 1590 1278 propagatam.

171 1294 256 1338 Sed
279 1295 465 1353 patriam
488 1308 568 1352 pro
593 1309 679 1353 qua
697 1294 827 1338 vitam
862 1293 1050 1337 libenter
1087 1291 1393 1350 profudissem,
1421 1290 1464 1334 in
1497 1289 1589 1350 pri--

169 1365 252 1409 rnis
295 1366 520 1410 observate
564 1372 606 1409 et
649 1364 794 1408 colite.
830 1362 1010 1414 Quando
1036 1362 1094 1407 ita
1137 1363 1219 1406 fert
1257 1375 1408 1406 cursus
1444 1373 1592 1406 rerum

168 1436 479 1489 humanarum,
505 1436 606 1479 hine
630 1435 866 1487 decedam;
901 1434 976 1478 sed
1014 1432 1121 1477 loeis
1143 1432 1381 1485 seiunctus,
1419 1432 1590 1486 animo,

171 1507 247 1565 qui
283 1513 403 1550 extra
438 1507 658 1551 fortunam
682 1512 760 1559 est,
798 1505 919 1549 vobis
958 1504 1106 1557 adero,
1145 1515 1376 1562 meamque
1407 1515 1584 1547 causam

170 1576 234 1620 uti
258 1577 433 1630 decora,
460 1583 626 1620 vestrae
646 1583 855 1633 perpetuo
872 1576 1117 1618 devinctam
1135 1573 1383 1617 arbitrabor
1399 1589 1441 1615 n.
1467 1571 1588 1624 Quae

173 1662 269 1692 cum
305 1647 568 1692 commotius
602 1647 794 1698 dixisset,
834 1645 1032 1703 praebita
1061 1645 1144 1688 sibi
1175 1644 1313 1700 signa,
1341 1651 1382 1688 et
1418 1632 1588 1701 aquilas

172 1725 300 1762 antea
323 1719 539 1771 victrices,
561 1725 663 1762 tunc
695 1718 844 1769 victas,
880 1716 1120 1760 osculatus:
1156 1731 1173 1757 α
1207 1715 1284 1768 sic,
1326 1714 1483 1773 inquit,
1510 1728 1585 1759 vos

172 1804 325 1834 omnes
362 1790 552 1843 osculor,
594 1788 932 1840 commilitones;
970 1788 1052 1830 lioc
1099 1786 1254 1844 pignus
1287 1793 1380 1829 esto
1422 1785 1587 1831 amoris

173 1875 277 1917 erga
302 1874 374 1904 vos
398 1860 482 1903 mei
506 1876 549 1902 ».
575 1859 694 1903 Tunc
717 1859 877 1902 milites
901 1857 1018 1901 edito
1042 1857 1234 1901 clamore
1272 1856 1585 1914 imperatorem

170 1933 379 1986 salutare,
404 1931 682 1989 illacrymari,
708 1937 750 1974 et
785 1929 978 1987 undique
1009 1927 1149 1981 effusi,
1185 1927 1406 1971 dexteram
1437 1933 1480 1971 et
1513 1940 1588 1984 ge-

172 2016 261 2046 nua
311 2003 560 2060 complecti.
607 2001 689 2046 Sed
733 1991 1012 2054 ille‚”cunctis
1053 2000 1211 2043 frustra
1253 1997 1584 2057 quaerentibus,

172 2074 365 2119 evanuit.
391 2073 504 2117 Talis
526 2074 605 2117 suit
642 2071 965 2130 Bellaqueensis
1002 2071 1076 2114 illa
1111 2070 1334 2124 discessio,
1368 2082 1498 2128 quam
1522 2068 1589 2128 pi-

175 2152 315 2198 ctura,
341 2151 460 2189 muta
481 2145 555 2188 sed
580 2144 690 2189 adeo
718 2156 919 2201 expressa
943 2141 1198 2187 recentioris
1229 2139 1391 2185 Galliae
1422 2138 1585 2198 poesis,

175 2215 303 2259 variis
328 2215 484 2260 deinde
518 2216 737 2260 coloribus
761 2213 970 2259 exhibuit.
