1677 2620
702 93 755 100 -
786 72 835 109 12
863 93 915 100 .-

91 140 308 185 damentis
324 155 462 199 regno
481 143 674 185 omnium
694 141 1016 200 antiquissimo,
1037 148 1162 185 atrox
1176 141 1281 185 illud
1299 140 1524 186 renovavit

93 215 409 270 spectaculum,
443 213 560 271 quod
587 213 759 270 Anglia,
781 218 954 256 centum
977 212 1114 256 ferme
1137 218 1180 256 et
1203 212 1523 271 quinquaginta

94 283 223 326 annis
256 291 355 326 ante
386 284 465 327 sub
504 283 760 328 Cromwello
786 282 998 326 ediderat.
1033 282 1117 326 Sed
1147 283 1302 339 Anglia
1333 283 1523 329 discreta

93 367 279 407 oceano,
305 355 469 411 lIngua,
496 369 650 411 parum
686 354 730 397 in
763 353 869 398 alias
895 360 1048 410 gentes
1078 360 1276 411 poterat;
1311 367 1410 398 cum
1440 355 1521 409 illi,

93 425 168 482 qui
193 425 237 468 in
261 426 402 483 capite
437 426 709 483 fortunisque
733 423 953 468 Gallorum
982 425 1338 479 domInabantur,
1364 424 1524 470 infesta

73 496 352 553 'opinionum
375 497 567 540 novitate
592 495 776 554 populos
800 495 1096 550 sollicitando,
1129 496 1238 539 nihil
1262 495 1456 553 quietum
1477 496 1525 540 in

91 565 292 610 finitimis
326 574 593 624 paterentur.
632 567 750 610 Tunc
782 566 912 623 igitur
934 567 986 610 ad
1012 580 1132 610 arma
1155 580 1418 610 concursum
1439 573 1521 621 est,

93 643 138 680 et
160 636 235 680 diu
256 637 432 694 quidem
458 624 617 695 anceps
640 637 752 681 Mars
776 638 871 690 fuit,
898 644 963 681 set
986 637 1265 695 postmodum
1288 636 1398 681 Galli
1421 651 1525 682 suos

91 707 204 751 fines
236 709 419 764 egressi,
460 709 495 751 si
530 723 640 767 quae
675 709 778 752 belli
815 708 1092 752 incommoda
1128 708 1340 765 priorum
1363 707 1523 753 ducum

92 778 245 822 fraude
288 787 565 837 acceperant,
604 779 933 823 continentibus
972 779 1164 822 hostium
1205 778 1404 822 cladibus
1445 779 1525 823 ulti

93 856 210 892 sunt.
247 850 299 893 Et
332 851 589 894 incredibile
624 851 740 893 dictu
775 856 857 902 est,
894 856 1103 907 qnantum
1136 849 1203 893 vel
1239 849 1369 893 insita
1403 851 1526 906 genti

95 920 251 974 virtus,
288 921 496 965 Romanis
531 920 636 979 ipsis
671 921 773 964 olim
808 921 1110 974 formidolosa,
1155 921 1222 964 vel
1255 920 1527 964 internarum

93 991 283 1048 partium
315 993 396 1045 vis,
433 1006 456 1036 a
487 1007 572 1050 qua
607 1006 737 1036 nemo
774 998 905 1045 tutus,
942 992 1027 1035 nisi
1061 992 1105 1035 in
1138 991 1292 1036 castris
1315 997 1445 1045 esset,
1482 991 1525 1035 in

93 1068 185 1105 tam
229 1063 411 1121 trepidis
463 1064 594 1107 rebus
636 1064 846 1121 potuerit.
893 1063 1042 1120 Itaque
1086 1069 1127 1106 et
1158 1062 1307 1119 magni
1341 1061 1527 1106 subinde

95 1134 335 1178 bellatores
378 1135 526 1187 futuri,
564 1141 606 1178 et
639 1134 893 1177 validissimi
940 1134 1154 1177 exercitus
1187 1139 1368 1191 repente
1402 1133 1527 1190 quasi

96 1218 120 1249 e
154 1211 271 1249 terra
304 1207 558 1250 extiterunt.
585 1206 702 1249 Tunc
735 1220 820 1250 una
843 1219 939 1249 cum
973 1205 1146 1248 Batavis
1169 1213 1211 1248 et
1239 1204 1401 1260 Belgis,
1435 1210 1528 1248 tota

97 1276 222 1332 regio
248 1276 300 1319 ad
336 1276 552 1329 Rhenum,
579 1282 740 1334 quanta
774 1276 910 1333 ipsius
933 1275 1162 1332 longitudo
1186 1281 1268 1328 est,
1303 1274 1526 1319 exundan-

97 1345 213 1390 tibus
255 1346 478 1390 Gallorum
512 1348 653 1404 copiis
695 1347 848 1404 patuit.
886 1345 997 1396 Quin
1031 1352 1073 1389 et
1110 1345 1344 1389 Borussiae
1376 1351 1420 1389 et
1451 1344 1526 1388 Hi·
1579 1401 1581 1403 ι

97 1418 278 1475 spaniae
311 1432 457 1474 reges,
483 1419 554 1475 qui
581 1418 733 1476 primis
765 1417 1043 1475 pactionibus
1076 1416 1396 1475 oppugnandae
1428 1415 1526 1459 Gal-

96 1487 181 1531 liae
200 1496 402 1533 auctores
427 1491 611 1541 fuerant,
639 1502 788 1546 parum
814 1488 983 1531 sirmam
1009 1501 1159 1545 pacem
1183 1501 1311 1545 quarn
1335 1493 1531 1531 extrema

96 1558 202 1602 belli
226 1559 487 1603 maluerunt.
518 1559 602 1603 Nos
627 1560 708 1617 ipsi
732 1559 805 1615 qui
831 1558 979 1603 ltaliae
1013 1559 1147 1602 otium
1173 1559 1332 1602 robore
1354 1564 1398 1601 et
1419 1557 1526 1602 fide-

97 1628 219 1673 litate
253 1630 436 1673 militum
472 1631 714 1682 tuebamur,
742 1629 999 1687 quadrienni
1033 1628 1314 1672 dimicatione
1348 1627 1524 1681 defessi,

98 1707 281 1758 accepto
315 1701 499 1753 victore,
535 1702 579 1744 in
614 1700 798 1743 alienam
833 1700 1051 1743 civitatem
1085 1699 1398 1743 concessImus.
1468 1703 1472 1706 ’

160 2196 218 2240 Ex
254 2210 340 2255 quo
375 2196 560 2253 intelligi
585 2197 725 2254 potuit
758 2203 965 2255 quantum
1006 2196 1141 2239 virtus
1172 2194 1373 2238 militaris
1416 2207 1441 2237 a
1473 2192 1530 2238 ci-

99 2266 173 2310 vili
206 2266 394 2320 differat,
422 2281 519 2311 curn
552 2267 682 2310 iidem
718 2267 817 2324 ipsi,
853 2267 927 2324 qui
961 2268 1090 2310 rebus
1124 2278 1338 2324 prospere
1371 2263 1534 2321 gestis„

99 2337 196 2382 aliis
231 2344 355 2382 erant
388 2338 628 2391 formidini,
676 2345 777 2381 tunc
812 2338 938 2381 foeda
972 2337 1179 2381 servitute
1213 2336 1332 2379 domi
1364 2346 1528 2393 preme-

98 2414 268 2452 rentur.
306 2407 358 2451 Ut
393 2409 507 2452 enirn
541 2408 688 2452 feralis
733 2409 805 2452 ille
840 2407 948 2460 dies,
986 2407 1058 2465 qui
1093 2407 1272 2450 ultimus
1304 2404 1396 2461 regi
1426 2402 1530 2457 fuit,
