1677 2620
205 86 209 88 ,
781 72 835 81 -
862 51 913 90 52
942 72 996 80 -

169 137 200 168 a
238 123 492 184 Napoleone
524 122 685 176 sociis;
721 121 973 166 stimulabat
1018 121 1071 166 ad
1105 121 1216 166 iram
1251 121 1384 167 insita
1421 120 1603 170 victoris

175 194 398 254 superbia,
436 192 718 239 stimulabant
752 198 901 237 vetera
937 197 980 237 et
1010 191 1207 237 recentia
1239 192 1356 247 odia,
1392 191 1605 238 intolera-

173 265 286 311 biles
323 264 544 310 Gallorum
577 263 914 323 publicanorum
949 262 1218 317 exactiones,
1259 262 1456 322 populati
1489 262 1602 322 agri,
1637 288 1641 291 1

175 335 399 380 exinanita
431 349 509 394 per
541 335 763 379 licentiam
795 348 820 379 a
849 333 1063 378 militibus
1094 333 1302 392 hospitia.
1338 332 1426 378 Nec
1463 333 1604 378 solum

176 405 304 451 Russi
337 407 521 451 aderant
559 412 624 450 tot
665 405 922 449 iniuriarum
964 404 1146 459 ultores,
1182 404 1256 449 sed
1292 410 1335 450 et
1369 403 1607 450 Svecorum

174 491 253 522 rex
274 477 546 536 designatus,
582 475 728 521 Gallus
752 476 863 535 ipse,
891 482 933 521 et
954 476 1238 520 victoriarum
1271 475 1540 535 Napoleonis
1561 474 1607 518 in

174 545 301 592 Italia
318 548 555 607 particeps,
576 548 783 592 adversus
801 554 991 592 veterem
1010 547 1319 605 imperatorem
1338 559 1462 590 suum
1486 559 1609 591 arma

175 625 408 663 sumserat.
454 618 654 663 Totidem
695 619 829 662 ferme
873 624 998 663 erant
1036 624 1197 672 castra,
1243 623 1351 676 quot
1393 629 1521 674 reges
1564 621 1609 661 et

175 690 329 748 populi
351 688 597 735 Germanici
621 689 830 743 nominis,
856 696 902 733 ut
925 695 1094 733 tantum
1115 688 1280 733 bellum
1303 701 1391 732 uno
1414 686 1604 732 consilio

174 760 477 806 administrari
513 763 732 821 nequiret,
769 775 819 804 ex
853 774 957 819 quo,
991 766 1174 805 nutante
1207 759 1252 802 in
1285 759 1426 803 varias
1458 765 1607 818 partes

175 831 353 877 fortuna
396 833 580 891 proelia,
618 831 837 886 induciae,
884 838 1013 889 atque
1054 831 1213 876 iterum
1249 829 1420 890 proelia
1458 835 1609 875 secuta

175 909 296 958 sunt,
323 903 464 948 donec
498 904 551 948 ad
584 903 810 962 Lipsiense
832 902 1047 947 excidium
1070 909 1244 947 ventum
1267 908 1350 955 est,
1374 901 1450 946 ubi
1483 913 1610 946 socer

176 980 335 1019 contra
377 989 600 1033 generum,
635 981 678 1018 et
709 974 854 1033 paullo
893 981 993 1018 ante
1031 973 1261 1026 foederati,
1300 979 1402 1018 tunc
1436 972 1606 1027 hostes,

172 1043 371 1090 densatis
396 1045 624 1090 ordinibus
648 1045 702 1090 ad
726 1045 1072 1090 internecionem
1095 1050 1366 1103 pugnarunt.

246 1904 436 1948 Ternum
465 1903 589 1957 illud,
616 1917 665 1947 ac
698 1915 835 1961 prope
867 1902 1118 1960 giganteum
1152 1907 1372 1945 certamen
1407 1900 1503 1955 suit,
1529 1912 1619 1959 quo

187 1975 362 2033 penitus
400 1973 585 2018 afflictae
622 1979 721 2017 sunt
751 1972 1017 2030 Napoleonis
1052 1985 1176 2029 opes.
1218 1970 1381 2028 Integri
1416 1976 1460 2015 et
1495 1982 1620 2028 supe-

189 2047 331 2089 riores
366 2044 529 2088 viribus
569 2051 693 2088 erant
730 2042 941 2101 germani,
985 2041 1086 2087 fessi
1126 2048 1169 2086 et
1212 2053 1390 2086 numero
1429 2040 1622 2098 impares

193 2115 321 2168 Galli,
345 2114 419 2173 qui
452 2115 497 2158 in
529 2115 681 2159 orbem
704 2114 846 2173 primo
870 2113 1102 2172 compulsi,
1128 2124 1226 2156 mox
1250 2112 1294 2156 in
1318 2111 1423 2170 ipsis
1446 2109 1621 2170 Lipsiae

193 2186 425 2230 moenibus
449 2186 492 2229 in
515 2192 680 2230 arctum
705 2185 863 2238 coacti,
880 2198 1019 2243 neque
1043 2183 1456 2243 equitatum,neque
1479 2180 1619 2228 aciem

195 2263 377 2314 possent
401 2257 633 2315 explicare.
668 2257 713 2300 ld
738 2263 880 2300 autem
906 2255 1021 2300 foedi
1055 2254 1290 2299 admodum
1314 2252 1499 2312 exempli
1523 2251 1618 2307 suit,

193 2327 329 2384 quod,
365 2328 556 2372 fervente
578 2342 739 2386 pugna,
765 2327 974 2381 Saxones,
1001 2341 1087 2370 una
1109 2339 1205 2370 cum
1229 2324 1622 2379 Wurtembergen-

195 2398 332 2453 sibus,
354 2399 406 2444 ad
427 2399 693 2454 foederatos,
713 2405 877 2443 mutata
898 2398 999 2453 side,
1023 2398 1309 2450 transierant,
1329 2408 1380 2440 ex
1396 2407 1482 2453 quo
1506 2393 1620 2439 inter
