1677 2620
773 111 828 119 -
855 91 907 129 54
934 111 988 119 -

158 159 327 214 Pragae
363 157 407 200 in
459 158 662 202 Bohemis
709 166 874 202 tentata
918 173 1002 217 pax
1042 160 1197 214 fuerat,
1232 167 1276 205 et
1322 160 1589 219 fugientibus

156 218 244 273 iam
270 229 384 272 ultra
416 229 615 272 Rhenum
648 228 799 282 Gallis,
835 229 968 273 iidem
999 244 1129 286 reges
1161 231 1388 288 proposito
1421 232 1588 290 scripto

157 299 435 344 Francofurti
471 299 854 353 confirmaverant,
891 314 938 344 se
980 314 1077 343 eam
1124 315 1273 358 pacem
1313 301 1441 356 velle,
1476 316 1589 360 quae

158 370 284 414 victis
317 377 361 414 et
394 370 633 413 victoribus
667 370 848 427 perinde
894 371 1132 428 expediret.
1179 387 1196 413 ε
1237 371 1438 429 Iniquum
1475 373 1586 426 fore,

158 441 351 491 aiebant,
379 440 414 484 si
440 441 610 497 pollens
634 447 675 485 et
698 447 872 484 strenua
905 440 1126 484 Gallorum
1164 455 1271 497 gens
1301 442 1466 500 aliquid
1496 441 1585 500 pri--

162 510 303 554 stinae
337 511 562 568 dignitatis
604 511 838 554 amitteret.
876 511 1110 555 Frueretur
1155 513 1234 556 sub
1275 512 1419 570 patrio
1461 511 1587 557 coeio

158 581 289 626 bonis
324 581 390 624 vel
423 590 604 626 naturae
638 583 704 625 vel
737 582 860 635 artis,
899 583 1114 626 frueretur
1147 582 1445 636 humanitate;
1480 583 1585 627 reti-

159 660 285 695 neret
311 652 483 696 virtutis
507 653 700 709 praemia
723 667 800 696 suo
826 660 867 696 et
889 653 1100 696 maiorum
1126 653 1338 710 sanguine
1363 650 1589 712 quaesita3

158 735 215 765 ne
250 730 394 766 tamen
419 737 601 767 vesanae
627 724 753 767 unius
777 724 1006 782 cupiditati
1029 723 1288 777 inserviens,
1315 724 1458 768 aliena
1480 736 1586 768 con-

162 803 231 840 tra
264 798 325 840 sas
350 797 569 840 misceret.
596 788 647 840 Id¹
667 797 784 840 enim
808 811 908 841 vero
933 799 1158 855 postulare
1183 798 1381 855 Europae
1406 797 1582 844 foedera

158 875 204 912 et
237 866 446 925 quietem,
473 882 584 926 quae
620 868 722 912 hinc
762 876 891 927 atque
926 869 1044 912 illinc
1077 870 1328 927 exaequatis
1361 868 1469 912 utin
1492 875 1579 917 sta·-

160 945 256 982 tera
289 939 541 991 momentis,
567 938 737 995 parium
762 939 876 982 inter
910 954 953 983 se
986 940 1142 983 virium
1166 939 1494 998 conspiratione
1518 939 1587 984 fir-

162 1016 306 1053 matur
339 1024 381 1052 9.
419 1008 489 1052 Sic
523 1009 614 1062 illi3
650 1024 748 1063 nec,
775 1010 946 1067 integra
979 1024 1043 1066 re,
1071 1011 1184 1054 facta
1216 1024 1312 1054 cum
1344 1010 1473 1054 dictis
1496 1010 1585 1055 dis-

159 1080 424 1124 sentiebant.
478 1080 594 1123 Haec
639 1082 755 1123 enim
806 1081 939 1125 ferme
989 1082 1032 1125 in
1081 1082 1268 1139 speciem
1323 1081 1587 1139 aequissima

160 1150 438 1208 petebantur.
487 1168 503 1193 α
526 1151 675 1195 Batavi
700 1158 741 1195 et
765 1151 946 1209 Hispani
971 1152 1059 1195 suis
1085 1151 1253 1207 legibus
1277 1151 1581 1205 redderentur,

158 1222 388 1266 excederet
412 1221 607 1279 Napoleo
631 1222 683 1266 ab
709 1222 831 1265 Italia
855 1230 896 1265 et
919 1222 1166 1274 Germania,
1193 1222 1363 1274 Rheno,
1386 1221 1585 1279 Alpibus,

160 1293 412 1352 Pyrenaeis,
450 1294 638 1337 aeternis
673 1293 757 1336 illis
792 1292 956 1337 Galliae
989 1293 1209 1345 claustris,
1236 1307 1281 1337 se
1314 1284 1588 1346 contineret;

158 1363 193 1405 si
218 1362 271 1405 de
297 1362 362 1404 his
386 1362 518 1406 semel
543 1363 812 1414 conveniret,
835 1369 977 1405 cetera
1004 1362 1128 1405 facile
1152 1361 1442 1419 compositum
1464 1359 1517 1404 iri
1538 1375 1557 1402 »
1573 1393 1584 1403 .

157 1431 278 1476 Talia
311 1447 335 1475 a
367 1433 583 1490 principio
618 1433 913 1490 agitabantur,
951 1432 1024 1476 sed
1059 1440 1228 1489 postea,
1274 1444 1369 1475 cum
1404 1432 1589 1476 obsessa

158 1503 243 1546 iam
279 1503 458 1560 propius
493 1503 647 1557 Gallia,
674 1502 990 1546 Castilionensc
1021 1503 1285 1560 colloquium
1310 1501 1584 1547 stabiliendis

158 1574 290 1617 rebus
329 1574 539 1617 indictum
573 1574 740 1626 suisset,
777 1575 844 1616 cui
879 1587 1030 1629 regum
1057 1574 1186 1628 legati
1217 1587 1300 1616 uua
1333 1586 1430 1616 cum
1451 1571 1586 1617 Gallis
1618 1589 1625 1596 ·

157 1644 382 1696 adessent,
419 1644 505 1687 alia
540 1658 589 1687 ex
625 1644 722 1687 aliis
761 1644 963 1699 graviora
997 1644 1038 1686 in
1074 1643 1167 1686 dies
1201 1643 1577 1700 proponebantur.

157 1713 243 1757 Nec
278 1715 392 1757 enim
429 1715 512 1758 iam
562 1714 666 1757 satis
708 1715 934 1757 videbatur
977 1714 1088 1757 ultra
1132 1713 1330 1757 Rhenum
1374 1719 1417 1757 et
1458 1714 1586 1772 Alpes

157 1784 296 1827 victos
331 1785 530 1837 reiicere,
568 1785 640 1828 sed
678 1785 705 1827 ii
740 1784 848 1828 fines
881 1783 1046 1828 Galliae
1080 1783 1445 1840 adsignabantur,
1475 1797 1586 1842 quos

156 1861 254 1897 ante
281 1869 477 1898 eversum
503 1869 683 1911 regnum
708 1855 945 1898 habuisset.
970 1855 1029 1897 Ad
1049 1868 1160 1912 quae
1183 1854 1373 1911 Napoleo
1391 1854 1581 1899 clamare

158 1924 240 1967 sihi
277 1925 441 1979 iugum,
478 1939 564 1968 non
601 1927 767 1969 frenum
804 1925 986 1982 imponi,
1025 1939 1104 1968 nec
1138 1938 1315 1982 prorsus
1340 1924 1583 1978 serendum,

158 1994 341 2039 Galliam
376 1999 416 2038 in
452 2010 525 2039 cas
559 1996 781 2050 angustias
816 1996 1004 2049 detrudi,
1042 2010 1137 2039 cum
1175 1995 1257 2038 tria
1289 1994 1475 2038 maxima
1518 2008 1586 2038 re-

159 2079 243 2121 gna
276 2066 527 2110 Sarmaticis
561 2067 714 2124 spoliis
748 2068 996 2124 nuperrime
1030 2066 1311 2123 locupletata,
1338 2065 1389 2109 ad
1422 2071 1588 2109 tantam

158 2138 488 2193 amplitudinem
532 2139 786 2182 crevissent.
831 2138 1025 2193 Negabat
1069 2151 1200 2195 porro
1245 2137 1326 2180 sibi
1371 2135 1498 2180 militi
1543 2141 1588 2179 et

156 2206 407 2264 imperatori
443 2207 574 2251 licere
608 2208 987 2252 bellicosissimam
1021 2215 1195 2264 gentem
1229 2213 1326 2264 post
1359 2212 1423 2249 tot
1455 2211 1584 2263 pacta

157 2277 333 2321 foedera
357 2279 634 2321 victoriarum
660 2280 799 2322 fructu
823 2280 1078 2331 destituere,
1102 2291 1285 2335 eamque
1310 2274 1477 2320 nomini
1503 2287 1583 2320 suo

158 2354 306 2390 notam
341 2349 533 2402 inurere,
568 2364 698 2406 quam
734 2350 850 2393 nulla
885 2356 1076 2393 vetustas
1112 2354 1226 2391 esset
1260 2346 1474 2391 deletura.
1509 2343 1589 2389 Po-

158 2424 339 2473 stremo,
382 2420 684 2464 insistentibus
721 2421 922 2464 acerbius
969 2419 1141 2475 legatis,
1180 2418 1293 2475 ipsc,
1338 2423 1385 2460 ut
1425 2427 1582 2460 eorum
