1677 2620
760 71 814 79 -
840 52 894 90 64
920 73 974 82 -..

143 117 268 169 Quae
291 132 390 162 cum
413 120 557 164 animo
595 120 944 176 exhorresceret,
965 122 1092 168 simul
1115 138 1170 170 ne
1203 128 1435 185 prorogati
1468 123 1578 176 hetti>

149 195 306 247 auctor
327 202 438 234 unus
460 190 654 235 omnium
675 191 926 247 haberetur,
951 193 1184 252 imperium
1219 197 1312 242 sine
1340 198 1438 244 ulla
1469 210 1578 244 con-

146 258 320 304 ditione
343 261 563 319 deposuit.

215 1670 286 1714 Sic
323 1670 394 1715 itte
437 1671 545 1714 nihil
585 1672 793 1730 pristinae
838 1672 1150 1728 magnitudinis
1194 1679 1368 1730 praeter
1419 1686 1583 1718 nomen

153 1741 354 1784 retinuit.
380 1740 500 1792 Quod
527 1743 598 1786 ubi
635 1743 839 1786 rescitum
865 1751 947 1795 est,
973 1757 1062 1786 rem
1101 1743 1172 1786 alii
1210 1743 1335 1786 aliter
1364 1743 1580 1802 interpre-

157 1811 377 1854 tabantur.
425 1811 679 1856 Gaudebant
721 1814 792 1872 qui
840 1827 988 1870 pacem
1023 1813 1148 1857 unice
1187 1813 1459 1870 spectabant3
1502 1813 1578 1873 qui

152 1889 310 1923 eontra
335 1882 501 1936 gloriae
525 1897 652 1940 quam
677 1884 795 1940 pacis
820 1890 942 1926 erant
966 1884 1228 1940 cupidiores,
1255 1881 1418 1927 Galliae
1441 1883 1582 1928 vicem

156 1951 382 2004 dolebant,
410 1966 520 2010 quae
556 1968 694 2010 nuper
724 1954 1097 2011 imperiosissima,
1124 1961 1224 1997 tunc
1261 1967 1407 2010 regem
1435 1967 1583 2011 quan-

158 2023 316 2065 tumvis
351 2038 490 2076 suum,
514 2025 568 2066 ab
604 2025 758 2067 alienis
795 2025 1026 2081 acciperet.
1070 2024 1256 2077 Interea,
1290 2029 1578 2068 evanescente

158 2090 390 2149 Bell-aquae
415 2095 653 2137 anticorum
683 2096 826 2146 turba,
853 2096 1041 2138 solitudo
1081 2094 1122 2137 in
1153 2095 1283 2138 horas
1306 2094 1454 2147 fiebat,
1479 2107 1578 2140 cum

157 2164 456 2221 unusquisque
496 2173 752 2222 properaret
778 2179 983 2223 perquam
1021 2165 1105 2208 cito
1151 2165 1397 2222 relinquero
1446 2176 1579 2222 quem

160 2230 244 2275 iam
275 2233 527 2278 deseruerat
565 2238 751 2278 fortuna.
788 2235 879 2279 Non
927 2236 1040 2278 idem
1080 2235 1265 2291 amplius
1305 2241 1499 2278 rotarum
1529 2241 1574 2279 et

157 2315 370 2359 equorum
411 2306 615 2363 strepitus
652 2306 923 2359 audiebatur,
950 2319 1034 2348 non
1070 2305 1181 2348 idem
1214 2311 1305 2349 erat
1335 2317 1575 2349 concursus

158 2372 429 2428 abeuntium,
466 2376 755 2429 redeuntium,
791 2377 865 2419 sed
900 2376 1151 2434 infrequens
1185 2388 1262 2433 per
1292 2381 1466 2420 noctem
1500 2387 1576 2418 ex·
