1677 2620
763 74 816 81 ..
844 52 896 90 66
924 73 977 81 ..-

159 122 385 166 cubiarum
427 121 591 166 clamor
635 135 768 165 unum.
805 127 878 165 aut
922 122 1105 165 alterum
1158 121 1581 180 appropinquantem

157 194 452 237 renuntiabat.
477 185 562 236 Nec
605 192 647 236 id
682 193 839 245 solum,
877 193 948 235 sed
1001 193 1073 250 qui
1119 191 1419 250 Napoleonem
1452 207 1580 239 mane

161 266 395 309 salutatum
437 270 664 315 venerant,
706 263 873 320 vesperi
912 262 1089 307 Parisiis
1132 263 1333 307 hostibus
1363 264 1580 322 permixti,

160 336 330 378 eiurare
358 349 446 379 non
469 334 744 378 dubitabant.
771 333 879 385 Quin
906 340 948 376 et
972 335 1144 376 suerunt
1183 334 1256 391 qui
1292 347 1447 391 magno
1479 349 1580 383 aere

160 412 358 462 accepto,
387 405 527 462 ipsum
557 403 768 462 postridie
805 404 953 447 infami
976 403 1139 460 scripto
1179 404 1438 448 lacerarent.
1464 404 1580 456 Quae

158 490 255 520 cun]
287 477 452 532 legeret
476 475 687 532 Napoleo,
714 475 984 518 amarulente
1021 473 1112 518 risu
1136 475 1356 519 adstantes
1392 488 1586 533 percon-·

156 547 346 600 tabatur,
372 561 474 590 num
499 546 629 590 iidem
652 553 815 598 essent,
844 545 915 603 qui
954 551 1040 588 tam
1074 545 1335 603 praecipites
1371 546 1417 590 in
1451 546 1580 591 obse-

159 617 306 675 quium
329 617 523 660 fuissent.
552 616 819 674 Quamquam
858 616 921 658 vir
942 616 1069 673 plane
1107 615 1358 670 castrensis,
1384 629 1465 660 nec
1494 622 1584 661 tam
1618 652 1621 653 γ

158 688 212 731 ad
236 696 413 745 questus
437 702 565 746 quam
589 688 641 730 ad
668 693 934 730 contemtum
968 685 1189 744 proclivis,
1215 693 1390 744 praeter
1410 692 1580 731 veteres
1642 694 1650 700 ‘

159 759 496 812 commilitones,
533 759 613 801 hos
654 759 719 801 vel
763 758 860 801 illos
895 757 1015 814 parvi
1041 757 1278 815 pendebat,
1313 757 1475 816 quippe
1508 757 1583 815 qui

160 827 333 873 Gallicis
357 830 547 873 motibus
573 830 645 872 diu
669 828 868 882 iactatus,
895 828 1112 872 humanae
1134 828 1360 886 perfidiae,
1395 841 1450 872 ne
1483 828 1584 872 dum

158 899 362 954 levitatis,
391 901 735 959 experimentum
761 906 953 959 ceperat.

220 1319 513 1364 Decreverunt
537 1320 749 1365 foederati
790 1321 934 1365 locum
962 1320 1205 1379 Napoleoni
1238 1321 1484 1380 adsignare,
1509 1325 1583 1370 ubi

162 1391 303 1449 quoad
330 1390 368 1434 ei
392 1391 477 1433 vita
503 1391 795 1448 contingeret,
822 1392 940 1435 cultu
974 1399 1016 1436 et
1058 1391 1233 1436 nomine
1257 1392 1509 1452 imperator,
1534 1408 1584 1439 re

160 1462 373 1519 captivus,
401 1462 586 1505 innocue
622 1468 840 1518 regnaret.
877 1462 958 1506 Diu
995 1464 1262 1522 multumque
1295 1463 1584 1510 deliberatum

159 1530 298 1575 fuerat
336 1532 388 1575 de
425 1532 564 1575 tribus
609 1533 777 1586 insulis,
818 1532 1021 1592 Corcyra,
1066 1529 1241 1579 Corsica
1274 1540 1316 1578 et
1359 1534 1465 1589 ilva,
1505 1536 1581 1582 sed

159 1603 310 1646 ultima
353 1616 456 1660 prae
492 1603 649 1646 ceteris
687 1605 862 1661 placuit,
899 1619 1008 1662 quae
1042 1606 1085 1647 in
1109 1605 1246 1648 Tusco
1282 1606 1391 1650 mari
1429 1613 1581 1651 contra

159 1673 421 1717 maritimam
458 1673 667 1717 Senarum
717 1688 838 1718 oram
882 1675 1039 1732 posita,
1086 1681 1127 1718 et
1173 1676 1364 1734 undique
1408 1682 1581 1734 patens,

159 1744 301 1788 minus
338 1751 438 1801 apta
481 1745 879 1789 machinationibus
916 1746 1158 1790 videbatur.
1196 1745 1283 1791 Nec
1306 1760 1406 1791 vero
1430 1748 1580 1793 condi-

159 1814 322 1859 tionem
362 1815 573 1859 abnuerat
604 1815 814 1873 Napoleo,
847 1816 915 1860 cui
955 1816 1245 1874 principatum
1281 1817 1455 1876 adepto,
1480 1832 1582 1864 nus-

161 1899 289 1943 quam
312 1886 480 1942 privato
503 1886 646 1930 vivere
672 1887 714 1929 in
739 1886 912 1945 Europa
949 1887 1157 1931 licuisset.
1180 1886 1424 1933 Constituto
1441 1888 1578 1934 utrIn-

161 1969 243 2014 quc
267 1970 344 2013 per
368 1951 628 2014 interpretes
649 1957 734 2010 die,
754 1970 797 2000 xl
821 1957 907 2001 kal.
929 1958 1065 2002 maias
1086 1958 1362 2017 Bellaqueam
1384 1959 1577 2018 reliquit.

160 2025 294 2069 Erant
320 2027 361 2069 in
386 2027 509 2070 aulae
534 2028 740 2071 cavaedio
765 2028 1069 2085 praetorianae
1092 2034 1395 2074 veteranorum
1417 2030 1576 2074 cohor-

161 2102 243 2149 tes,
269 2103 513 2154 postremos
547 2098 738 2142 honores
772 2098 870 2142 duci
905 2113 981 2142 suo
1014 2099 1282 2153 redditurae,
1312 2105 1354 2143 et.
1376 2112 1462 2144 una
1482 2113 1581 2145 cum

161 2165 246 2210 iliis
279 2167 520 2211 fidelissimi
555 2169 877 2226 expeditionum
931 2169 1054 2223 socii,
1101 2183 1286 2228 quorum
1326 2170 1503 2215 nomina
1535 2170 1581 2215 in

162 2237 485 2280 commentariis
525 2238 674 2282 retulit
705 2238 898 2291 FainiuS‚
925 2237 1189 2297 Napoleonis
1223 2239 1367 2284 scriba
1398 2238 1451 2284 ad
1485 2252 1577 2284 ma-

160 2318 279 2359 num,
327 2321 455 2366 quem
488 2308 625 2352 secuti
661 2322 822 2352 sumus.
872 2308 965 2363 Ubi,
1003 2309 1227 2353 descensis
1265 2308 1489 2368 gradibus,
1534 2308 1579 2354 in

160 2377 348 2422 medium
393 2379 525 2432 venit,
574 2379 750 2424 ordines
783 2379 944 2437 primo,
983 2380 1043 2425 uti
1079 2381 1264 2435 solebat,
1300 2377 1578 2435 circumiens,
