1677 2620
728 97 782 105 -
810 76 835 115 g
862 97 916 106 -

115 145 304 202 probum
336 159 433 190 esse
466 160 595 205 quam
630 146 782 191 videri.
808 146 898 191 Iam
932 154 1093 206 quanta
1124 148 1262 206 ipsius
1294 150 1543 196 constantia

114 216 221 260 fuit!
250 223 412 275 quanta
445 219 489 261 in
522 218 765 277 principem
785 219 920 265 fides!
947 219 1028 272 Qui
1061 233 1159 264 cum
1190 220 1353 278 optime
1386 221 1545 267 intelli-

115 293 238 342 geret
261 301 285 331 a
317 294 381 332 tot
401 288 682 347 perfidiarum
714 290 1016 348 repertoribus
1039 290 1187 335 omnia
1220 291 1456 350 aliquando
1486 293 1542 337 iri

40 406 45 411 „
115 370 330 413 eversum,
366 361 674 418 praecipitanti
717 374 855 419 regno
892 362 1008 406 haud
1047 361 1197 417 defuit,
1236 362 1314 407 sed
1352 363 1543 408 officium

116 428 260 472 acrius
293 430 495 485 intendit,
532 431 721 477 animam
765 432 894 476 etiam
931 432 1132 477 hostibus
1169 433 1366 487 daturus,
1404 433 1439 477 si
1473 447 1544 478 res

116 501 376 555 postularet.
412 502 468 547 Ut
501 509 646 549 autem
679 504 1064 548 turbulentissimis
1095 503 1366 562 temporibus
1401 505 1548 563 aptior

115 566 195 613 suit
228 572 425 629 Priocca,
451 576 513 620 sic
536 577 702 634 pacatis
735 576 947 631 Calusius,
974 576 1097 620 cuius
1128 589 1252 621 mens
1283 575 1415 620 nullis
1447 589 1547 621 con-

117 662 244 694 cussa
277 648 605 706 cupiditatibus,
645 662 754 707 quae
792 648 1027 706 plerosque
1062 663 1085 692 a
1122 661 1225 692 vero
1263 647 1544 706 detorquent,

117 728 327 782 tanquam
359 721 576 779 placidum
603 720 778 779 aliquod
814 720 1056 778 sapientiae
1088 721 1234 763 lumen
1267 719 1438 764 enituit.
1465 720 1545 764 Hic

118 792 236 837 domi
271 792 377 836 aluit
410 806 504 835 eam
539 791 740 847 gloriam,
781 806 891 849 quae
921 799 1075 849 postea
1108 790 1152 834 in
1184 791 1440 835 universum
1471 789 1546 835 Su-

116 865 340 923 balpinum
375 877 535 908 nomen
570 864 844 916 redundavit,
872 863 1051 922 eiusque
1090 875 1317 906 sermones
1350 862 1413 906 uti
1447 861 1550 907 toti-

117 937 217 982 dem
239 936 456 981 curricula
478 937 652 979 fuerunt
675 935 894 978 variarum
917 934 1253 991 cogitationum,
1276 933 1393 978 unde
1415 947 1548 979 nemo

118 1009 209 1054 nisi-
225 1000 398 1052 doctior
429 1020 561 1066 quam
592 1013 720 1050 antea
754 1006 1016 1051 discederet„
1042 1007 1100 1050 Ac
1120 1005 1287 1059 nescio,
1313 1019 1368 1049 an
1402 1005 1475 1049 alii
1498 1019 1547 1050 se

117 1080 257 1137 magis
288 1085 541 1123 nostrorum
576 1078 733 1122 animis
767 1078 1092 1135 insculpserint.
1117 1077 1225 1122 Nam
1257 1076 1547 1134 quotiescum-

117 1165 201 1210 que
233 1150 358 1207 regni
388 1163 513 1194 casus
548 1149 807 1205 cogitamus,
842 1149 1048 1193 Prioccae
1081 1147 1332 1192 meminisse
1365 1160 1549 1193 necesse

117 1228 200 1275 est,
237 1221 310 1279 qui
355 1221 448 1265 eius
482 1220 620 1265 ruinis
658 1221 785 1264 obrui
828 1220 996 1273 maluit,
1033 1234 1162 1278 quarn
1197 1220 1342 1264 locum
1375 1218 1547 1276 uspiam

118 1293 318 1338 fortunae
361 1293 630 1344 eoncedere3
678 1292 713 1335 si
755 1305 860 1336 vero
907 1293 961 1336 de
1004 1290 1347 1350 elegantioribus
1390 1289 1547 1334 studiis

118 1377 262 1408 sermo
296 1364 369 1418 sit,
403 1363 562 1408 Calusii
585 1364 731 1408 veniat
763 1364 807 1407 in
840 1370 1048 1417 mentem,
1076 1377 1100 1407 a
1123 1377 1208 1421 quo
1241 1361 1427 1406 interior
1446 1360 1545 1419 phi·
1609 1398 1613 1403 .

117 1434 283 1491 lologia
305 1440 371 1478 tot
393 1435 665 1479 incrementa
688 1434 732 1478 in
755 1434 1006 1492 Subalpinis
1025 1433 1192 1485 habuit,
1214 1447 1238 1476 a
1261 1446 1346 1491 quo
1369 1431 1550 1489 insuper

119 1505 355 1550 orientales
379 1511 421 1549 et
455 1505 680 1564 aegyptias
703 1505 855 1550 literas
879 1505 1141 1563 accepimus,
1168 1517 1349 1562 quarum
1383 1502 1545 1547 revire-

118 1583 312 1621 scentem
350 1575 474 1635 quasi
506 1576 812 1634 propaginem,
854 1576 897 1619 in
930 1575 1127 1633 Copti00,
1169 1575 1229 1619 uti
1265 1579 1437 1626 vocant,
1472 1572 1550 1616 Le-

118 1647 232 1700 xi00‚
259 1647 508 1705 nuperrime
532 1646 661 1691 nobis
685 1647 882 1690 exhibuit
904 1647 1117 1690 Amedeus
1142 1645 1395 1704 Peyronius,
1419 1658 1460 1687 v.
1487 1643 1543 1687 cl.

120 1715 328 1762 Prioccac
352 1724 395 1762 et
418 1716 591 1762 Calusio
624 1730 784 1775 suppar
807 1723 947 1761 aetate
972 1717 1048 1760 suit
1075 1716 1290 1774 Josephus
1310 1715 1545 1768 Vernazza,

118 1787 232 1831 acris
256 1788 405 1832 iudicii
429 1788 509 1840 vir,
538 1788 876 1832 domesticarum
901 1788 1210 1847 antiquitatum
1239 1785 1544 1845 peritissimus,

120 1859 194 1916 qui
218 1865 362 1902 tamen
387 1859 429 1902 in
450 1859 839 1904 lucubratiunculis
863 1873 1199 1912 consenescenS,
1234 1871 1345 1916 quae
1368 1862 1550 1915 propter

121 1926 401 1983 exiguitatem
436 1927 521 1971 iarn
545 1941 682 1984 paene
720 1934 1000 1982 exaruerunt,
1025 1928 1240 1971 minorem
1273 1925 1450 1982 ingenio
1485 1925 1546 1968 sa·

120 2010 236 2041 mam
269 1998 473 2041 obtinuit.
511 1998 645 2042 Huius
671 1999 757 2041 vita
788 2000 841 2043 ad
875 2005 915 2042 te
947 1998 1223 2056 potissimum
1254 1997 1368 2040 mitti
1390 1995 1549 2040 debue-

123 2073 205 2121 rat,
232 2068 346 2125 quod
386 2075 427 2111 te
450 2069 493 2111 in
530 2069 685 2125 primis
719 2069 869 2123 coluit,
901 2076 942 2113 et
974 2067 1342 2122 adolescentulus,
1379 2073 1426 2111 ut
1454 2066 1548 2125 ipse

122 2138 346 2191 narrabat,
385 2152 409 2181 a
447 2138 690 2183 clarissimo
723 2146 843 2198 patre
867 2147 941 2184 tuo
977 2140 1019 2183 in
1057 2138 1291 2183 amicitiam
1324 2143 1546 2196 acceptus,

122 2214 213 2251 tota
257 2208 415 2253 deinde
457 2208 722 2253 Salutiorum
769 2210 898 2254 domo
939 2210 982 2253 in
1027 2208 1228 2253 secundis
1273 2214 1316 2252 et
1356 2207 1550 2252 adversis

121 2278 253 2323 rebus
276 2278 613 2324 familiarissime
636 2293 738 2323 usus
762 2285 842 2324 est.
